3075 4867
500 297 546 369 ut
568 297 718 368 CODINI
744 299 831 366 GAP.
856 300 901 369 Vt
1184 300 1258 374 261

217 459 255 516 il.
271 475 301 517 v.
312 478 320 525 ‘.
331 460 376 516 te
402 456 551 530 Φρέρκων]
569 461 684 515 Francos
700 460 778 529 solos,
798 459 826 516 io
842 465 883 515 est
893 461 993 530 Gallos,
1005 460 1055 515 hoc
1065 461 1166 516 nomine
1176 463 1258 534 primo

146 531 283 584 vocabant
304 529 420 596 Graeci,
442 531 511 584 uude
531 531 613 584 ‹liriso
632 547 649 582 ι
666 531 775 584 Roneis
786 537 814 584 et
825 531 934 586 Graecis
945 531 1050 601 imperio
1060 538 1135 586 vetus
1148 550 1259 601 prover-

145 599 220 652 bium
242 594 376 667 Φράγκον
392 599 475 667 φίλον
492 595 573 669 im,
599 597 709 669 γείτονα
745 593 850 669 siim.
885 600 1035 664 Cedreuus,
1056 609 1109 654 tum
1128 601 1154 652 in
1171 602 1260 656 Leone

146 668 243 720 Isauro
263 675 319 720 tum
334 667 411 734 alibi,
428 663 500 736 ὁῆγα
520 667 658 736 Φραργέας
673 617 779 733 ttulit,
800 683 874 738 quern
897 687 946 722 non
969 669 1081 722 hliuma
1103 669 1261 726 araneorum

146 754 214 804 rege
231 737 426 805 intelligendum
443 737 553 807 ipsemet
567 738 679 806 exponit
713 737 794 790 ltslos
809 743 896 792 tamen
912 738 1011 806 Apulos
1031 741 1059 790 et
1080 738 1220 799 Calabros,
1243 755 1261 794 a

144 806 312 860 Normuuuis
329 805 456 858 enonas
472 807 573 876 populis
590 812 680 871 ortos,
698 802 843 874 Φράγκονς
859 824 910 860 uon
926 807 1102 874 infrequenter
1118 815 1196 860 vocnt
1206 808 1261 861 Cu·
1372 819 1375 824 “

146 875 285 942 repulates
310 873 338 927 in
364 873 490 928 Michaele
516 875 698 946 Panapionem,
725 882 754 931 et
769 873 878 928 Nicetes
896 875 1023 930 Manuelis
1043 875 1060 929 l.
1078 878 1096 930 2
1117 872 1263 944 Φράγρονς

144 940 301 1006 Σικελούς.
337 945 481 996 Germanos
500 944 596 1012 pariter
611 945 650 996 ita
666 943 749 998 dictos
760 943 827 1011 apud
839 944 984 998 cedrenum
994 945 1108 1014 reperies
1119 944 1145 996 in
1157 945 1262 1000 Basilio.

143 1011 265 1066 loutiuos
272 1027 391 1082 quoseuu
410 1030 458 1076 ue,
476 1022 505 1063 ut
516 1019 544 1065 et
554 1014 685 1067 Graecum
696 1013 790 1080 vulgus
802 1013 889 1083 hodie,
907 1014 943 1067 ite
962 1019 1089 1082 nuncupat
1099 1016 1173 1066 Anna
1183 1013 1264 1066 Com-

142 1097 217 1133 nena
239 1081 260 1136 l.
279 1083 305 1137 8.
331 1073 380 1163 ένδ
415 1075 516 1142 οιέροιν
539 1089 623 1134 tumen
650 1081 792 1164 thouyplorv
818 1079 879 1135 καί
905 1075 1005 1166 igonis
1024 1081 1145 1149 intelligit
1169 1098 1208 1134 ms
1225 1082 1261 1138 R.

143 1167 172 1202 rr.
193 1151 262 1202 290.
299 1150 409 1203 Latinos
428 1166 593 1219 quoscunque
614 1167 646 1202 ac
668 1167 777 1204 maxims
798 1151 891 1204 Gallos
913 1151 955 1204 hic
976 1157 1125 1204 memoratos
1148 1159 1262 1219 autumo,

144 1235 217 1340 qpps
238 1213 471 1342 uiptozuoplisoeaul
493 1215 673 1288 πολεμικούς,
696 1236 730 1274 ιο
748 1219 843 1272 iterum
865 1215 995 1282 ἃννικούς
1018 1217 1162 1289 Φράνγονς
1182 1228 1262 1274 vocat

144 1305 170 1354 οι
199 1297 244 1342 tus
294 1305 359 1357 urop
428 1304 451 1342 s.

234 1397 266 1456 p.
281 1375 325 1440 34
336 1395 364 1436 v.
381 1381 409 1440 1.
439 1377 526 1448 Quod
546 1375 614 1435 dicit
638 1375 814 1455 Crrropaluta
834 1375 982 1453 Codinns,
1003 1377 1175 1454 curopuhstae
1196 1379 1258 1436 olli·

144 1462 243 1539 cium,
267 1481 328 1537 quo
341 1463 409 1525 olim
421 1463 609 1540 fungebatur,
628 1462 715 1520 fuisse
735 1481 788 1522 suo
807 1467 934 1540 tempore
954 1462 1145 1540 incognitum,
1166 1463 1195 1520 id
1209 1464 1261 1520 mi-

143 1554 230 1606 ratur
245 1548 407 1626 Meursius,
427 1549 538 1623 sibique
560 1550 591 1606 id
605 1553 666 1606 tam
678 1549 771 1623 longe
777 1547 858 1605 minis
876 1545 975 1606 dissito
989 1547 1132 1624 cognitum
1147 1545 1263 1624 prolite-
1302 1581 1309 1595 ·

143 1643 211 1710 tur,
233 1632 325 1708 idque
345 1653 381 1693 ex
395 1634 519 1711 Euagrio
534 1636 554 1697 5
572 1636 606 1694 1:
621 1628 677 1711 τὴν
691 1628 832 1711 φυλακὴν
852 1634 908 1710 τῆς
923 1623 1018 1704 ον’λῆς
1032 1631 1263 1710 ἐμπεπιστευμέ-

134 1739 219 1790 ·νος·,
250 1712 272 1778 3
295 1717 525 1796 κονρονιολὰνην
544 1715 567 1795 ἦ
584 1715 736 1795 Ῥωμαίων
762 1714 840 1797 λέγει
859 1711 960 1795 φωνή.
988 1716 1074 1775 habet
1095 1719 1180 1776 etiam
1197 1718 1262 1782 atila

144 1799 327 1864 Theudorici
345 1802 518 1860 Gotthorum
538 1801 614 1876 regis
633 1801 842 1878 curopalatem,
868 1801 906 1859 ad
925 1820 1009 1878 quern
1029 1808 1123 1862 exstet
1141 1803 1261 1862 formula

143 1887 165 1946 l.
186 1892 207 1948 7
229 1885 380 1944 Variarum
398 1886 577 1957 Cassiodori3
597 1903 681 1958 quem
703 1886 746 1944 ita
767 1885 901 1944 describit
921 1893 954 1945 ut
977 1887 1045 1944 nihil
1071 1888 1147 1948 aliud
1173 1888 1262 1946 fuisse

146 1971 286 2029 videatur
310 1988 396 2045 quam
414 1989 538 2031 summus
558 1969 772 2029 architectorum
793 1976 823 2030 et
841 1971 1072 2032 architectonicae
1092 1974 1261 2052 praefectus,

148 2057 200 2116 tier
214 2056 486 2130 murtuensem,
507 2074 594 2116 aurea
610 2054 691 2133 virga
704 2056 831 2115 decorus.

224 2152 262 2206 ὓ.
278 2169 306 2206 v.
326 2153 353 2207 9.
378 2151 549 2224 μολυβδίνης
572 2148 685 2222 poitur]
713 2151 747 2205 (le
767 2151 850 2206 cereis
867 2150 942 2204 bullis
960 2167 1053 2222 snpra,
1073 2152 1117 2204 ubi
1137 2151 1170 2204 de
1182 2153 1261 2220 chry-

151 2221 268 2274 sohullo.
303 2220 336 2274 de
351 2221 471 2292 plumbea
487 2222 569 2274 locum
607 2223 689 2274 rolert
706 2220 894 2290 tuliparum,
912 2219 957 2274 ubi
972 2222 1263 2290 mercesepurtueffe·

150 2290 250 2345 rendae
267 2290 388 2359 plumbea
405 2289 568 2361 imperatorie
586 2240 659 2343 lullo
677 2297 784 2343 cotulas
799 2289 893 2342 asserit
910 2289 936 2341 in
952 2288 1089 2354 legatione.

225 2376 263 2432 ih.
282 2394 308 2430 v.
328 2377 369 2430 15.
389 2373 468 2444 φέρει
482 2370 535 2444 τὴν
552 2375 603 2427 sori
621 2369 753 2443 βασιλέως
769 2369 899 2440 σπάθην]
917 2371 942 2423 id
956 2371 992 2422 illi
997 2371 1119 2494 primitus
1128 2390 1160 2426 er
1172 2373 1259 2427 officio
1348 2392 1354 2401 ·

96 2464 98 2467 ·
151 2460 308 2498 ιοοιαιοιι
324 2445 429 2498 viduus
446 2463 464 2498 s
480 2443 640 2512 Theophane
650 2442 677 2492 in
687 2439 815 2494 Miebaels
826 2440 980 2510 Theophili:
1031 2442 1260 2506 Βοιίλιιοςπερι.

152 2509 257 2566 surim
273 2513 371 2581 φορῶν
386 2509 593 2580 οκαρκμάγγιον
608 2505 677 2577 uerri
692 2508 836 2577 οκαθίον,
860 2505 897 2571 ὡς
920 2505 989 2570 teon
1004 2512 1064 2571 τοῖς
1079 2526 1261 2578 nuperorum-

150 2578 261 2650 μένοις.
293 2582 361 2635 sacri
375 2582 485 2636 cubiculi
498 2580 675 2653 praepositum
691 2578 828 2648 pluvialem
844 2577 1006 2646 imperatoris
1021 2585 1120 2633 vestem
1137 2580 1261 2636 imbribus

153 2657 183 2705 et
200 2647 295 2720 frigori
309 2651 489 2721 propulsandis
508 2649 533 2702 ei
549 2649 706 2702 offerendam
720 2647 811 2700 tulisse
828 2647 904 2701 docet
918 2647 1097 2728 Leunclayius.

245 2756 281 2814 rh.
299 2775 327 2814 v.
344 2759 393 2820 16.
412 2756 533 2815 Miratur
545 2756 647 2814 iterum
669 2752 810 2812 Menrsins
830 2754 1017 2831 ignorantiam
1042 2754 1163 2833 Codini,
1183 2758 1263 2832 qnod

153 2841 323 2920 logothetae
352 2842 491 2920 generalis
511 2859 613 2898 munus
632 2839 807 2916 incognitum
826 2840 913 2898 fuisse
931 2839 1049 2898 scribat:
1080 2841 1165 2899 fnisse
1188 2843 1262 2900 enim

153 2928 331 3006 praefectum
344 2929 442 2986 aerarii
456 2925 603 3004 generalis.
624 2927 676 2983 sed
693 2925 775 2984 liceat
794 2925 906 2983 Codino
929 2925 1000 2984 citra
1017 2927 1263 3005 reprehensionem

156 3014 300 3090 quaedam
312 3013 461 3090 ignorare,
482 3011 713 3088 quandoquidem
726 3010 866 3069 Meursius
880 3011 973 3070 omnia
985 3011 1046 3069 scit.

229 3125 265 3177 ils.
284 3142 313 3178 v.
331 3127 375 3179 18.
395 3124 514 3194 suillos]
532 3130 563 3176 ut
580 3123 714 3189 monach,
733 3125 773 3177 ite
791 3132 818 3179 et
837 3124 967 3195 episcopi,
984 3123 1012 3176 in
1023 3125 1115 3194 quibus
1125 3141 1263 3178 versarer·
1296 3119 1301 3132 '

156 3192 316 3256 tumeries,
338 3211 468 3247 vocavere
490 3194 593 3247 settle.
627 3191 722 3247 lsaacii
739 3193 832 3262 Angeli
858 3193 971 3248 Novella
996 3194 1062 3247 luris
1079 3193 1131 3246 GR
1148 3211 1174 3262 p.
1197 3196 1280 3258 lter,

157 3256 283 3318 ἆκεστοὶλ
303 3277 356 3314 ναν
372 3259 412 3324 εἰς
427 3258 463 3316 τοὶ
482 3256 513 3316 έν
529 3259 573 3324 οἷς
588 3257 737 3331 καταμένει
753 3261 846 3316 aellio
862 3257 878 3316 ti
897 3261 1030 3324 Κυζίκου.
1067 3269 1094 3314 et
1110 3262 1194 3314 infra:
1222 3255 1261 3314 sl·
1319 3276 1326 3304 ι

157 3349 218 3384 πον
235 3323 274 3398 μὴ
284 3279 419 3396 έφευρεῖν
436 3325 524 3384 αὐτὸν
540 3324 571 3384 έν
587 3335 647 3392 τοῖς
664 3325 753 3383 atton
770 3330 895 3392 aelllose.
931 3331 1104 3402 patriarchae,
1124 3338 1153 3382 ut
1172 3348 1188 3382 e
1206 3347 1264 3382 mod

159 3399 281 3454 austeriis
300 3398 437 3467 assumpti,
454 3400 529 3452 etiam
547 3400 574 3452 in
592 3399 748 3470 patriarchio
766 3401 874 3467 cellum,
893 3393 925 3451 rh
938 3399 1061 3466 κελιῒίον,
1078 3403 1146 3452 teste
1158 3399 1265 3451 Euche-

160 3470 232 3537 logio
251 3478 357 3534 nostro,
375 3476 535 3538 repererunt.
568 3469 668 3538 ipsique
676 3467 781 3522 undem
791 3468 959 3537 imperatores
969 3468 1199 3522 ecclesiasticorum
1211 3485 1265 3520 mo·
1337 3477 1339 3484 ’

160 3557 219 3594 rum
233 3536 340 3602 aemuli,
356 3536 389 3588 de
407 3553 458 3605 qno
478 3544 540 3590 nota
556 3539 639 3607 prima
655 3537 682 3589 iu
701 3537 874 3607 curopalatae
891 3536 1021 3591 historiam
1037 3537 1147 3601 disserit,
1168 3538 1196 3590 in
1216 3555 1264 3607 pa-

162 3608 227 3662 latio
243 3613 378 3674 angustum
394 3606 444 3659 sibi
461 3606 597 3659 condidere
615 3607 724 3671 cellum,
743 3607 770 3660 in
786 3623 862 3676 quum
880 3607 992 3659 tumultu
1005 3606 1163 3674 negotiorum
1182 3607 1265 3677 erepti

161 3695 192 3731 se
209 3675 364 3797 reciperlpnt.
381 3674 424 3758 'ip
442 3675 590 3796 huiuppnodi⁴
598 3675 743 3795 pdeuetrale,
762 3685 835 3758 retro
856 3675 1002 3796 wbicmfflm·
1019 3675 1126 3729 interius
1142 3678 1265 3797 ppsittpm,

161 3762 270 3868 lxta
289 3761 609 3866 ratlzltltlttl
623 3761 734 3865 hill:
746 3761 1265 3886 ⁸ttt⁰t2⁰tt¹hstttrlt¹tlt

163 3881 226 3943 λεύς
241 3877 344 3950 ἀνέστη
361 3899 391 3936 rs
408 3877 510 3936 αὖνίκα
527 3883 579 3935 τοῦ
596 3877 706 3950 θρόνον
729 3880 778 3935 καὶ
802 3877 873 3950 πρὸς
894 3877 946 3936 riv
966 3876 1115 3948 ἐνδότερον
1141 3881 1265 3938 οἰκίσκον

163 3945 274 4021 huces,
296 3947 347 4005 τὸν
370 3945 437 4012 νέον
460 3947 575 4021 βασιλέα
593 3954 653 4012 τοῖς
669 3946 858 4019 ἀκροωμένοις
873 3946 932 4021 ἅμα
946 3947 1025 4019 παρὰ
1042 3950 1092 4006 riu
1109 3947 1160 4018 ἔξω
1177 3969 1263 4007 κατα·

163 4019 261 4074 λιπών.
295 4020 333 4074 itu
356 4022 552 4074 Cantacuuenus
577 4021 594 4072 Ι.
615 4022 627 4072 1
646 4037 671 4073 c.
689 4021 731 4076 ta.
751 4028 781 4072 at
799 4037 822 4074 ο.
838 4021 855 4074 5
872 4038 923 4075 non
942 4021 1022 4074 minus
1040 4029 1173 4092 angustam
1188 4036 1264 4090 quam

164 4085 1059 4228 tlttfffflrltltlptltt‘lllltw‚thltall
1073 4083 1266 4212 llhhm’lll

163 4195 521 4298 Ιορίοοι’κ1ιέιροτ11ωἰοηι
544 4177 644 4283 neihius
667 4227 783 4283 alliserit.
818 4195 852 4284 tii
868 4231 978 4285 cdliotis
994 4228 1051 4284 sive
1069 4177 1231 4284 rationalia
1249 4243 1265 4282 a

164 4297 233 4350 sellu
250 4295 327 4350 dietis
343 4297 399 4366 ugit
413 4298 542 4356 rurum
562 4301 579 4356 2
597 4301 622 4356 1.
