3075 4867
481 308 539 374 DE
564 307 744 378 ouulclls
769 311 831 379 GP.
857 311 943 380 GAP.
956 312 1051 386 xvi.
1266 313 1316 384 85

314 475 359 545 Ὃ
373 477 409 544 δέ
423 477 519 564 μίγας
532 478 759 568 ’άδνουμιαστδγς
780 489 837 552 τοῦ
857 481 1016 572 φασσάτου
1038 483 1315 570 άδνουμιαζομίνου

214 581 299 669 παρά
314 588 371 648 τοῦ
381 579 516 667 μεγάλου
531 585 708 666 δομεστίκου
722 582 848 675 πάρεστι
860 589 917 670 μέν
931 591 982 652 καλ
995 585 1102 666 αάτός·
1121 589 1175 653 ἐάν
1188 589 1226 654 δί
1237 613 1315 667 τινες

215 676 288 750 ῶσιν
302 684 364 750 άπδ
378 683 495 752 τοότων
509 683 702 773 στερούμενοι
715 685 834 774 άλόγων
848 689 871 775 ἢ
884 689 1029 776 ἁρμάτων
1043 696 1150 770 τινῶν,
1175 690 1314 780 ἀπογρα·

213 784 347 875 φάμενος
360 779 449 867 οότος
464 789 504 854 τά
520 792 661 858 λείποντα
676 795 857 876 ἐπιμελεῖται
874 793 1128 880 ἀναπληροῦσθαι
1142 800 1252 860 ταῦτα.

77 903 84 913 ’
185 904 203 957 5
312 888 435 970 Πάντες
445 893 502 975 μὲν
515 885 579 972 οὖν,
599 896 651 960 καὶ
667 896 752 962 αὐτοὶ
769 897 798 962 οἱ
813 903 869 962 τοῦ
880 899 1031 980 βασιλέως
1042 897 1121 976 υἱοί,
1144 899 1313 982 βιγλίζουσι
1333 959 1336 964 .

209 992 288 1076 μετά
301 1001 364 1060 τῶν
378 992 435 1060 a‘ur'
451 994 572 1074 αάτοός,
590 993 607 1062 ὁ
624 999 657 1064 δὲ
667 1000 763 1084 μέγας
776 1001 954 1083 δαμίστικος
966 999 1120 1083 οδδαμῶς.
1144 997 1164 1084 ἦ
1181 999 1215 1066 δὲ
1229 1001 1313 1064 αἰτία

210 1099 291 1164 ἐστίν
307 1097 385 1182 αὕτη
392 1143 404 1178 ,
425 1095 487 1164 ,ότι
500 1097 628 1166 ἑκάστου
642 1103 698 1184 μὲν
712 1107 773 1168 τῶν
784 1101 939 1188 ἀρχόντων
953 1103 1067 1190 μίρσυς
1083 1100 1242 1191 φασσάτου
1259 1101 1311 1168 άν-
1327 1110 1351 1163 Ρ
1367 1113 1419 1168 119

209 1225 280 1280 τος,
306 1199 455 1287 άρχοντος
469 1208 524 1267 τοῦ
538 1200 671 1288 μεγάλου
687 1207 866 1288 δομεστίκοο
880 1212 936 1274 τοῦ
948 1202 1097 1285 καθόλου,
1123 1205 1210 1281 καθά
1227 1204 1311 1291 ripn-
1404 1229 1409 1249 ¹

109 1295 113 1301 ’
185 1325 186 1332 ’
210 1307 349 1382 ται,«δεῖ
357 1313 496 1388 παρεῖναι
513 1305 564 1369 ’διά
580 1312 794 1374 τοῦτοπρῶτον
810 1308 856 1375 ἀεὶ
872 1309 904 1374 ἔν
916 1311 1006 1374 παντὶ
1019 1315 1063 1396 τῷ
1077 1305 1225 1396 φοσσάτεγ
1241 1313 1312 1376 δια-

168 1425 202 1477 10
210 1404 358 1472 τάττοντα
373 1404 506 1486 πάντας,
528 1411 581 1474 ‘abu
602 1409 647 1493 μὴ
672 1409 787 1500 ίφόδον
809 1414 960 1494 πολεμίων
974 1413 1148 1496 γενομένης,
1174 1415 1200 1476 εί
1214 1407 1311 1496 τόχοι,

203 1511 304 1597 χωρὶς
320 1505 468 1595 ἡγεμόνος
486 1509 523 1576 τό
547 1510 686 1580 καθόλου
709 1511 885 1602 στράτευμα
901 1512 1026 1602 εὑρεθῇ.
1077 1512 1130 1580 διά
1151 1540 1199 1581 τοι
1219 1521 1310 1596 τοῦτο

199 1614 260 1678 ’καί
275 1619 333 1678 τοῦ
345 1613 497 1696 βασιλίως
510 1612 740 1698 ἀποδημοῦντος
761 1614 778 1683 ὅ
798 1616 894 1704 μέγας
913 1618 1090 1703 δομίστικος
1108 1619 1140 1684 ἐν
1154 1607 1181 1708 ᾧ
1194 1613 1309 1708 τόπρνό

206 1715 352 1797 βασιλεδς
367 1719 410 1792 εἰς
424 1715 459 1782 τό
475 1716 631 1804 φασσάτον
650 1716 828 1806 εὑρίσκεται.
1302 1786 1306 1794 .

305 1816 379 1884 Ἀπὸ
394 1825 450 1885 τοῦ
463 1818 595 1904 κοόρσου
609 1825 807 1910 πρῶτονμὲν
827 1823 947 1891 δίδοται
968 1820 989 1906 ἡ
1008 1823 1207 1909 σενταμοιρία
1227 1817 1309 1910 λόγῳ

167 1925 262 1987 15τοῦ
276 1921 444 2004 βασιλίως,
478 1919 618 2008 δεάτερον
640 1924 701 1988 άπὸ
724 1933 781 1992 τοῦ
802 1924 942 1993 καθόλου
966 1923 1125 2012 φασσάτου
1150 1920 1231 2014 λόγῳ
1252 1929 1311 1990 ταῶ

205 2021 340 2109 μεγάλου
354 2027 544 2107 δομεστίκοο,
561 2028 710 2118 τρίτονρδέ
724 2026 806 2118 λόγῳ
817 2034 879 2096 τῶν
890 2035 1021 2116 μερικῶν
1034 2023 1227 2117 κεφαλόδων,
1249 2025 1302 2115 ἀφ’
1320 2043 1344 2098 Β
1420 2080 1423 2089 .

206 2118 243 2194 οὗ
255 2127 370 2216 μόρους
386 2128 512 2206 λ’καστος
526 2127 624 2216 άρχει.

304 2227 378 2296 Ἐάν
389 2256 457 2296 τινα
469 2230 529 2295 ἀπὸ
541 2237 602 2296 τῶν
614 2227 789 2319 ῥογατόρων
803 2238 996 2320 στρατιωτῶν
1008 2229 1125 2296 άπαιδα
1137 2234 1244 2316 συμβῇ
1255 2254 1306 2296 τε·

206 2337 370 2418 λωτῆσαι,
400 2334 435 2400 τὸ
456 2339 513 2400 τοῦ
536 2335 669 2417 πολίμον
693 2331 804 2420 άλογον
825 2337 937 2405 ἐκείνου
956 2338 1007 2399 καλ
1026 2334 1067 2401 τὰ
1089 2332 1214 2421 άρματα
1227 2330 1307 2420 πρός

164 2434 258 2503 toris*
266 2437 364 2522 μέγαν
376 2436 553 2520 δομίστικον
569 2439 750 2522 κομίζονται.
1113 2426 1114 2429 ¹

305 2543 348 2608 El
359 2537 459 2623 δεήσει
474 2541 606 2605 διελθεῖν
620 2539 673 2606 τόν
683 2540 780 2624 μίγαν
797 2538 974 2625 δομίστικσν
990 2541 1032 2616 εἰς
1047 2535 1209 2626 ἡγεμονίαν
1223 2535 1306 2619 τινός

204 2649 264 2710 τῶν
276 2638 442 2727 ἀρχόντων,
476 2642 510 2708 τὸ
527 2645 619 2708 ἐκεῖσε
635 2642 792 2729 φασσάτσν
804 2649 913 2711 τοῦτον
927 2645 1085 2732 ἔρωτῶσι,
1106 2642 1158 2706 καλ
1174 2638 1305 2728 πρὸτῆς

205 2743 321 2813 ἑαυτῶν
331 2749 482 2833 κεφαλῆς,
506 2744 542 2814 τὸ
556 2748 588 2811 τί
597 2747 741 2832 γενέσθαι
753 2748 810 2818 δεῖ.

274 2921 308 2978 17
324 2895 440 2985 &eules
455 2939 497 2977 am
513 2921 561 2977 AB

270 3075 382 3144 Magnus
399 3075 574 3130 adnumiestes
591 3075 668 3130 adest
684 3083 712 3131 et
727 3077 801 3149 ipss,
826 3077 931 3145 quande
954 3073 1086 3129 exereitus
1109 3085 1236 3140 emsgne
1252 3065 1303 3124 ‹le-

204 3145 310 3198 mestico
328 3145 465 3199 lustratur.
499 3145 524 3198 si
540 3145 709 3214 reperiantur
725 3146 769 3216 qui
787 3152 895 3200 careant
914 3145 989 3214 equis
1005 3143 1048 3196 vel
1064 3140 1143 3195 armis
1161 3138 1303 3210 aliquibus,

203 3213 364 3280 consignatis
381 3213 527 3268 nominibus
545 3223 620 3268 curet
635 3223 665 3268 ut
682 3233 752 3285 quae
766 3217 862 3270 desunt
877 3213 1058 3287 suppleantur.

271 3284 370 3337 Omnes
386 3283 491 3352 iginum*
507 3282 561 3353 ipsi
578 3283 656 3338 etiem
673 3284 840 3354 imperatoris
857 3283 919 3352 filii,
945 3281 1057 3352 vigilant
1080 3295 1138 3332 eum
1158 3275 1213 3329 illis
1233 3289 1301 3359 (ροσε

201 3353 297 3406 subse
315 3352 422 3408 habeut.
457 3361 487 3406 at
508 3369 616 3422 mugnus
638 3353 796 3408 domesticus
812 3370 953 3421 nunquam.
986 3350 1056 3404 ratio
1079 3353 1121 3402 est
1144 3346 1212 3398 istae
1236 3359 1302 3426 quta

202 3439 258 3475 cnm
280 3419 392 3490 quilibet
415 3439 448 3473 ex
469 3420 528 3474 aliis
551 3420 707 3491 proceribus
732 3430 759 3477 et
781 3422 892 3476 ducibus
910 3422 946 3475 sit
962 3427 1062 3474 tantum
1079 3423 1300 3496 perseuermtus,

202 3507 310 3559 magnus
324 3499 419 3544 autem
441 3491 598 3544 domesticus
620 3491 745 3546 univerae
770 3490 900 3545 exercitui
921 3490 1048 3560 imperet,
1075 3493 1105 3538 ut
1127 3485 1224 3537 dictum
1248 3488 1299 3549 est,

202 3565 309 3630 eportet
325 3568 355 3613 ut
370 3576 472 3628 semper
488 3561 639 3614 universum
655 3561 799 3614 exereitum
817 3563 897 3614 obeat
916 3565 944 3613 et
964 3575 1052 3611 omnes
1071 3555 1100 3608 in
1116 3553 1234 3634 ordinem
1252 3567 1299 3604 σο-

201 3635 262 3698 gat,
287 3645 321 3682 ue
343 3629 368 3682 si
390 3628 512 3684 torturis
533 3629 647 3683 bostium
667 3630 779 3700 insultus
801 3629 917 3698 orietur,
940 3626 1072 3680 exercitus
1097 3622 1213 3692 generah
1232 3621 1300 3674 duce

201 3703 303 3782 urerent²
343 3699 510 3767 quemobrem
535 3700 645 3783 absente
667 3698 828 3768 imperatore
848 3705 923 3754 tenet
945 3695 990 3750 ille
1011 3696 1040 3750 iu
1061 3693 1181 3748 exercitu
1203 3691 1297 3758 Ιοσοια,

201 3768 777 3906 quemlllllnlplllillrplrilllulrll’qlrlidleluffllplrtinta
791 3853 854 3906 pars
864 3835 943 3890 (latur
954 3829 1115 3904 imperaturi,
1132 3828 1247 3913 secunde
1261 3825 1296 3880 ab

200 3905 325 3960 univerae
341 3904 460 3960 exercitu
474 3903 568 3974 magn'o
585 3906 741 3976 domestice,
767 3906 848 3960 tertie
883 3904 1067 3964 nticularibus
1084 3909 1229 3970 caprtaners
1249 3912 1297 3951 seu

200 3976 310 4031 <lucibus
327 3990 344 4028 a
360 3974 561 4044 particularibus
579 3975 679 4044 turmis,
701 3975 796 4059 quibus
813 3975 858 4044 qu‘
879 3978 924 4029 bet
939 3980 1055 4043 praeest.

267 4044 300 4097 Si
316 4043 376 4114 quis
396 4061 429 4096 ex
446 4043 625 4113 stipendiariis
641 4042 765 4098 militibus
781 4042 908 4098 moriatur
924 4044 982 4099 sine
997 4040 1104 4106 liberis,
1127 4055 1225 4108 equus,
1242 4052 1294 4104 que

198 4111 244 4167 ille
260 4113 289 4166 iu
304 4113 374 4168 bello
391 4112 524 4181 utebatur,
542 4121 571 4166 et
586 4130 658 4167 arma
674 4116 707 4168 ad
724 4130 845 4182 magnum
861 4112 1029 4166 ueneficum
1046 4110 1209 4162 deferuntur.

269 4182 300 4236 si
316 4189 440 4253 oporteat
455 4198 575 4250 maguum
591 4182 760 4240 domesticum
783 4199 833 4266 per
853 4181 963 4236 alieuius
985 4196 1121 4251 procerum
1144 4175 1295 4247 praelectu-

198 4267 257 4305 rem
270 4253 400 4319 transire,
424 4251 471 4320 qui
495 4251 533 4306 ibi
554 4250 688 4320 reperitur
707 4260 842 4308 exereitus
857 4267 915 4311 eum
931 4251 1005 4322 prins
1022 4264 1097 4319 quam
1114 4263 1187 4301 suum
1205 4245 1295 4298 durem

196 4321 355 4392 interroget,
378 4320 442 4392 quid
457 4322 529 4376 leuto
546 4319 584 4380 sit
598 4337 681 4392 opust,
