3075 4867
502 278 551 350 1n
573 228 721 351 uonna
747 282 832 352 cur.
857 278 952 353 xm.
1187 284 1261 356 aar

159 420 309 505 Ἰουδαίοις
324 434 599 515 οννοινονννήσοιμνν
615 448 665 503 eta
695 444 762 499 teria
820 448 878 500 arta
892 445 986 498 iterum
1000 442 1105 499 moeurs
1121 460 1262 515 aereasque

162 512 279 582 spargit,
296 511 345 565 ἴνα
362 507 379 566 ὁ
395 506 463 575 toric
478 510 530 577 arie
545 518 646 584 χεῖρον
658 510 744 569 πάλιν
763 508 799 569 ἐπ
832 509 865 568 sd
889 514 942 582 τῆς
967 512 1094 581 νηστείας
1116 510 1261 582 maraton

160 578 237 651 μήσῃ
254 576 389 655 niteam,
407 579 456 635 ιιοιὶ
471 579 524 651 τὴν
539 580 628 639 νύκτα
645 582 700 639 asir
716 578 805 651 ἁγίων
820 584 924 637 παθῶν
940 582 994 637 rori
1008 582 1131 649 Χριστοῦ
1142 579 1263 653 λαμπάσι

162 646 384 721 ναοαπορσεύσῃ.
405 656 495 705 saneto
513 652 555 706 die
573 652 685 723 paschae
704 651 840 721 persolutis
857 651 986 707 matutinis
1007 650 1125 720 precibus
1141 654 1263 723 populum

163 734 261 771 omnem
279 718 312 771 ad
329 723 443 771 sanctum
467 721 579 773 osculum
598 736 677 791 supra
700 721 854 790 descriptum
877 720 986 789 exeipit,
1012 734 1044 775 aa
1069 720 1143 773 simul
1166 722 1264 775 minuta

163 803 242 851 aare,
258 782 411 855 τρικέφαλοι
429 790 469 875 ob·
479 791 553 873 trium
568 790 747 875 imperatorum
764 789 837 874 siaul
855 788 1015 856 regnantium
1038 788 1151 873 effigiem
1169 790 1200 841 iis
1215 790 1263 841 iru-

162 872 277 989 titi?
285 854 1264 997 timii*„iiiiiiiiiniiiiiiiii'&iamim

162 986 387 1062 ἔνδημήοοιντοις,
401 988 432 1047 ἒν
448 991 516 1063 mri'
536 1012 582 1049 arr
598 989 668 1066 ἁγίῳ
684 996 839 1063 περιχαροῖς
852 992 1073 1061 καταοποὶζεται,
1090 991 1201 1047 aaran
1230 1014 1264 1057 ος

162 1055 230 1122 τούς
246 1056 410 1131 θησαυροὺς
425 1066 474 1131 τῆς
489 1081 502 1118 ε
521 1063 615 1133 λογίας
632 1059 720 1117 αὐτοῦ
744 1064 884 1128 δεξιοῦται
906 1057 1007 1124 unstrode
1022 1062 1185 1131 νομίσμασιν
1201 1059 1260 1116 ὀλί-

162 1147 224 1197 γοις
238 1125 290 1198 μὲν
305 1126 378 1184 nurui
394 1126 427 1185 sd
443 1126 629 1201 φαινόμενον,
644 1134 758 1193 πολλοῖς
779 1130 811 1185 db
827 1128 901 1186 κατὰ
917 1126 951 1185 rd
967 1127 1128 1199 murinam.
1147 1132 1212 1187 baeu
1228 1150 1262 1185 ex

161 1198 314 1253 Balsamone
330 1200 458 1253 Meditata
473 1201 507 1255 da
522 1200 633 1257 ineeuris
670 1218 718 1254 uae
735 1218 752 1253 a
771 1202 915 1271 patriarcba
937 1199 993 1253 dari
1009 1200 1161 1260 nolentata.
1186 1201 1262 1253 luris

164 1268 226 1321 GR.
246 1268 264 1325 Ι,
277 1270 303 1323 7.
320 1268 430 1337 quibus,
446 1269 469 1323 ri
486 1270 631 1325 mnieaturs
646 1218 761 1340 iaceat,
783 1271 875 1323 lubens
895 1268 1033 1325 addiderim
1055 1268 1153 1333 subeor
1168 1286 1262 1352 prora*

163 1352 207 1389 res
231 1336 265 1390 ad
289 1338 384 1403 regiam
408 1334 583 1404 audiueram
605 1338 743 1408 officiaque
765 1339 941 1393 maiarum
964 1336 996 1392 iis
1018 1336 1108 1395 diebus
1131 1345 1158 1393 et
1172 1338 1260 1391 iisdem

163 1402 234 1457 horis
261 1404 293 1457 ad
313 1404 435 1473 palatium
458 1408 654 1473 convenientes,
675 1424 724 1461 neo
746 1406 807 1461 dato
831 1414 891 1460 ture
912 1405 956 1460 rel
978 1406 1065 1459 oroulo
1083 1423 1100 1457 a
1116 1407 1262 1479 patriarcba

164 1478 300 1543 exceptos,
319 1491 350 1525 eu
365 1474 415 1527 ium
431 1491 539 1529 acuenao
555 1475 707 1547 vespertinis
723 1475 750 1529 iu
773 1476 893 1547 preoibur
916 1474 1052 1543 Ιιοοοηιί,
1074 1492 1107 1528 ue
1117 1475 1167 1527 =rel
1184 1474 1263 1545 pretii

163 1540 206 1593 rel
222 1541 410 1598 normannus
419 1551 524 1614 sperata
539 1550 615 1616 parte
630 1544 764 1599 rideantur
782 1545 918 1603 exarare.

248 1648 283 1711 id.
300 1667 327 1707 v.
342 1652 392 1711 20.
414 1650 582 1711 recentiores
601 1646 702 1715 Graeci
722 1650 894 1716 adulatoriae
912 1649 981 1708 artis
995 1667 1053 1706 nun
1069 1648 1189 1727 imperiti
1209 1667 1262 1707 suo

163 1732 326 1811 imperatori
349 1734 435 1795 ferme
457 1736 550 1795 omnia
566 1736 651 1795 etiam
671 1735 841 1817 episcopalia
861 1739 892 1792 et
907 1732 1092 1792 sacerdotalia
1105 1735 1199 1792 munia
1212 1734 1264 1793 tri-
1376 1767 1386 1783 .

165 1818 305 1896 buerunt,
331 1818 404 1883 inter
423 1827 533 1880 caetera
552 1820 709 1901 ingressum
729 1823 767 1879 ad
792 1821 881 1885 altare
904 1824 934 1877 et
949 1820 993 1877 ius
1014 1838 1123 1877 sauram
1138 1838 1264 1881 mensam

163 1908 229 1960 ture
245 1905 412 1982 vaporandi,
432 1906 547 1972 condito
565 1907 649 1967 etiam
668 1924 811 1973 eanouea
833 1902 970 1969 Trulluuo
995 1904 1143 1980 synedrio,
1170 1910 1201 1961 et
1219 1910 1265 1964 est

164 2005 256 2046 canon
273 1990 321 2051 69.
363 1990 436 2049 nulli
447 1994 561 2051 omniun
571 1992 667 2065 irrui,
689 1994 737 2069 qui
749 1990 852 2069 quiden
861 1993 899 2048 sit
911 1992 940 2049 in
954 1989 1083 2047 tricorum
1097 2007 1210 2061 nanno,
1220 1992 1263 2047 in·

163 2078 211 2131 tra
227 2090 332 2133 sanam
348 2074 437 2135 attare
450 2076 571 2153 ingredi,
600 2078 635 2135 ab
650 2096 680 2135 ro
694 2082 783 2152 tanen
800 2090 966 2156 nrprupusns
983 2071 1119 2149 prohibitu
1133 2077 1268 2149 potestate

163 2163 190 2217 et
205 2162 368 2223 undaraisto
383 2164 562 2241 inperatoris,
584 2160 688 2241 mondo
704 2160 808 2237 paidom
823 2158 937 2218 voment
957 2159 1072 2217 aratori
1086 2155 1155 2213 dorm
1175 2156 1267 2233 offerre

164 2261 198 2303 en
219 2244 406 2323 antiquissimu
427 2246 578 2307 traditione.
619 2246 668 2304 ubi
684 2238 849 2307 Balsumonz
877 2242 910 2302 de
923 2241 1124 2326 inperatoribus
1141 2238 1268 2300 innunt

165 2326 373 2406 peronneto
398 2334 504 2391 cunonis
520 2334 683 2404 insistenter,
710 2328 781 2407 quod
807 2334 870 2389 tuuc
893 2346 948 2387 nun
965 2323 1171 2405 mobilebuntnr
1193 2330 1268 2385 intra

164 2412 257 2490 nepta
282 2413 369 2493 adyta
384 2415 493 2491 ingredi
506 2416 613 2495 quando
631 2420 693 2475 sant
709 2413 757 2473 deu
774 2430 883 2473 οιιιιιοιο
902 2410 1036 2486 odorra
1064 2430 1119 2470 non
1133 2416 1222 2469 οιιῑοοι
1240 2414 1268 2469 ri

165 2496 249 2556 sotius
272 2498 440 2559 montinio
466 2503 560 2585 grutiu
585 2502 670 2580 sparsa
697 2498 805 2575 ingredi
818 2497 968 2579 δοιιὶιιοοίνιι.
1011 2494 1057 2554 sert
1075 2494 1143 2554 nitri
1156 2515 1208 2554 noa
1224 2498 1267 2555 itu

164 2581 280 2651 ridetur,
323 2584 465 2649 tritutari
478 2589 546 2647 sirim
562 2588 746 2665 imperatores,
766 2601 867 2662 proper
885 2580 917 2645 S.
929 2583 1062 2640 trinitatis
1077 2584 1266 2639 invocationem

160 2668 335 2747 patriarchas
352 2671 500 2747 monebunt
516 2675 543 2730 et
561 2676 623 2729 nost
647 2662 749 2729 Cbn‘sti
769 2666 887 2738 doarini,
917 2671 975 2727 nise
996 2664 1052 2723 allo
1075 2665 1266 2743 impedimerito,

165 2752 272 2832 mundo
286 2753 432 2830 οοὶνιιίοο,
461 2754 622 2817 adscensus
641 2753 729 2813 altare
747 2750 875 2811 amedmt
899 2756 925 2809 et
948 2749 1058 2827 sufflari
1078 2755 1105 2808 et
1126 2768 1185 2808 rara
1206 2768 1267 2809 rora

165 2839 341 2898 admonerem
357 2842 525 2917 inprimunt,
546 2841 617 2897 riost
633 2843 658 2896 et
673 2839 817 2897 untbtites.
858 2832 905 2893 sed
919 2838 1000 2893 enon
1015 2834 1143 2913 populans
1156 2832 1194 2892 ud
1209 2852 1267 2893 esur

164 2924 356 2983 instituendum
372 2924 482 2993 docent3
503 2922 572 3003 prod
587 2922 651 2981 solis
663 2921 738 2979 illius
752 2924 868 2997 regionis
880 2920 1047 2979 antirn'tibar
1058 2937 1203 2977 consuram
1219 2924 1266 2976 est.

164 3007 282 3088 palpum
293 3026 362 3085 ergo
377 3008 489 3087 egregie
505 3008 632 3067 obtrudit
650 3006 802 3067 Balsamun
816 3004 995 3085 imperaturi3
1016 3008 1046 3063 et
1059 3002 1183 3062 habebat
1199 3003 1268 3068 facti

163 3092 209 3151 sui
231 3111 346 3169 ramas,
374 3095 441 3168 quia
463 3092 603 3151 ambiebat
621 3090 844 3171 patriarchatum
862 3089 1060 3167 Cpolitauum‚
1092 3088 1170 3145 euius
1194 3088 1268 3145 obti-

164 3176 253 3236 nendi
269 3193 327 3234 uon
341 3178 497 3254 apparebat
512 3177 609 3236 melior
627 3178 701 3235 ratio
719 3194 804 3250 quam
827 3179 860 3233 ut
875 3192 927 3251 per
944 3170 1150 3231 mseutatioues
1165 3189 1228 3229 sese
1238 3172 1267 3229 iu

165 3278 275 3321 summa
291 3261 383 3337 gratia
399 3262 477 3341 apud
493 3260 689 3341 imperatorem
706 3264 834 3338 paueret.
874 3258 927 3317 sed
946 3257 1059 3335 vulpes,
1087 3256 1201 3316 tametsi
1218 3273 1268 3315 va·

164 3347 228 3421 fra,
251 3344 287 3406 ab
304 3344 365 3404 aliis
381 3364 471 3422 aeque
485 3346 569 3406 vafris
586 3345 716 3425 vulpibus
732 3343 830 3403 delusa
843 3346 896 3399 est
937 3342 1016 3402 euius
1034 3341 1072 3400 ob
1089 3342 1195 3400 desitas
1217 3360 1267 3400 au-

166 3448 238 3490 nuas
255 3449 340 3509 rogas
356 3436 387 3490 et
402 3432 574 3509 permiarias
591 3430 753 3507 largitiones
772 3426 840 3490 audi
857 3443 964 3501 quaero
984 3425 1213 3487 lamentationem
1233 3445 1268 3485 ex
1359 3428 1364 3439 ‘

166 3514 288 3595 epistola
310 3517 347 3575 de
367 3516 493 3578 lucensis
511 3516 529 3589 1,
550 3515 660 3581 7Iuris
680 3512 744 3571 GR.
785 3511 955 3570 cremnon
973 3530 1108 3570 morum
1125 3514 1267 3589 inparata

166 3620 228 3660 rum
249 3604 498 3681 draumspertionem
517 3608 544 3661 et
560 3598 778 3679 patriarcharum
798 3595 999 3675 amplitudinem
1018 3598 1087 3654 inter
1101 3596 1160 3655 alia
1176 3596 1268 3655 redde-

168 3688 234 3745 bant
258 3684 319 3746 olim
343 3690 523 3765 augustiorem
550 3688 631 3743 etiam
660 3702 766 3742 annuae
794 3700 876 3757 rogus
902 3700 936 3740 ar
956 3680 1074 3739 brionna
1097 3681 1267 3757 largitiones.

168 3775 266 3851 qnippe
281 3770 403 3832 radebant
416 3775 494 3832 aruris
509 3768 624 3847 singulis
639 3770 765 3845 maiusque
778 3770 904 3845 temporis,
911 3765 1084 3843 patriarcnae
1101 3786 1135 3824 ur
1152 3768 1266 3844 inpera-

168 3862 252 3932 tores,
273 3862 355 3935 etper
368 3858 432 3917 laer
445 3856 563 3916 sabditos
578 3853 616 3914 ad
634 3851 835 3934 immolantibus
853 3852 1014 3911 inniabant.
1055 3854 1129 3910 nouit
1146 3851 1194 3909 bor
1213 3870 1267 3929 pu-

169 3946 241 3999 trem
261 3946 462 4020 conscriptorum
481 3942 658 4019 amplissimis
681 3937 758 4011 ordo,
784 3956 818 3995 ur
831 3935 962 4014 fortassis
980 3938 1060 3995 arua
1080 3935 1204 3994 manniti
1220 3938 1269 4012 oui

171 4026 223 4083 isac
239 4032 327 4085 aetate
342 4034 431 4087 nostra
446 4030 551 4087 uiuunt.
592 4026 725 4084 nonenim
742 4028 804 4081 unte
819 4026 935 4099 ternpore
947 4018 1074 4079 Euctidr‘s
1083 4020 1192 4098 proditu
1204 4024 1266 4075 sunt

169 4112 273 4186 gerris,
293 4130 340 4172 nec
352 4114 537 4175 sanniantinn
558 4109 707 4170 οοιιιὶονιιιο
722 4105 844 4186 fabitur
865 4110 945 4178 rant,
966 4104 1113 4182 redasque
1131 4104 1267 4180 adriopo-

169 4198 241 4255 rium
259 4192 357 4255 darios·
372 4198 538 4257 Constantini
551 4196 644 4255 Durae
661 4193 771 4253 duravit
783 4195 917 4267 augustas
932 4189 979 4250 itte
991 4208 1047 4248 nuos
1059 4196 1115 4246 tam
1135 4190 1164 4245 in
1182 4190 1268 4265 ipsius

171 4280 218 4339 dei
234 4298 314 4358 quara
332 4283 514 4363 imperatorum
533 4283 625 4361 regim
645 4284 672 4341 rt
694 4278 796 4339 οοιοίιιο
809 4277 905 4339 bonurn
920 4275 968 4336 trs
980 4274 1018 4334 nt
1030 4294 1077 4334 ον*
1094 4290 1268 4354 willein*
