3075 4867
518 239 564 307 nt
596 240 744 309 conflet
775 242 1132 311 cte.1v.·
1213 246 1287 318 att

179 410 213 461 ut
226 401 336 479 inquit,
355 403 496 481 n'gneficn
508 407 625 483 τιμίω,
647 359 791 466 &manet
804 412 951 483 ιννγεήαια
964 428 1025 469 erre.
1046 408 1190 487 αἰαιίτιιαι,
1211 428 1283 486 quo-

178 490 232 547 ties
253 488 356 555 lunius
370 507 429 547 nou
448 487 534 550 habet
555 490 632 564 quod
653 491 742 567 dicat,
776 510 810 550 er
834 493 950 552 Oriente
976 493 1085 551 dicendi
1109 495 1286 558 occasionem

178 574 298 651 quaerit
318 579 427 649 quanto
438 574 611 653 yerisimilius
626 576 777 636 deduceret
791 552 827 635 al)
843 578 1009 636 Germanico
1025 579 1148 653 τανςαιὲ

260 678 290 737 γ.
304 662 346 721 27
369 677 395 717 v.
410 664 440 723 3.
460 662 522 721 τῶν
535 658 722 740 accurritur]
748 661 883 739 originem
896 664 979 723 huius
988 662 1107 723 nominis
1120 682 1178 723 nou
1191 664 1280 743 expli·

175 748 242 803 cant
260 748 399 803 auctores.
446 780 449 783 ·

258 827 296 889 ii.
317 846 344 886 v.
364 828 393 893 d
429 830 490 889 ταῖν
502 822 663 902 standuna]
683 847 787 888 nomeu
801 828 855 889 hoc
874 848 908 891 er
922 830 1055 891 Hebraea
1073 831 1171 909 lingua
1190 832 1280 893 dedu·

178 912 214 983 eit
234 909 331 970 lunius
343 913 374 973 in
389 912 475 972 schol.
490 934 518 992 p
531 911 614 989 304,
636 914 769 990 quicquid
790 916 866 975 dicat
887 916 1029 995 Gregoras
1049 914 1068 975 l.
1091 917 1111 977 4
1132 917 1197 975 hist
1220 916 1279 993 By-

177 997 321 1074 trutinae,
343 998 391 1074 qui
411 1016 483 1074 quos
503 1004 613 1056 veteres
628 1000 768 1059 vocabant
786 999 929 1079 Ιιαεοααι,
955 1022 973 1061 a
994 1002 1191 1061 recentioribus
1216 1002 1280 1060 istis
1303 1070 1305 1074 ,

179 1080 290 1140 Graecis
307 1081 446 1142 Ττατναιιι
458 1084 619 1162 appellatos
639 1084 752 1160 scribit,
773 1086 874 1163 exigua
893 1104 982 1161 eaque
996 1086 1161 1161 quotidiana
1182 1085 1278 1145 litera·

175 1183 236 1224 run
254 1167 456 1239 immutatione
484 1188 536 1231 uec
559 1169 732 1227 absterretur
754 1169 868 1247 Iunius,
901 1173 1028 1245 quamvis
1056 1170 1141 1229 hodie
1162 1188 1277 1246 quoque

174 1252 251 1328 regio
264 1249 451 1330 Peloponnesi
457 1282 477 1330 ,=
483 1254 548 1312 olim
560 1251 705 1331 Laconia,
719 1255 829 1313 dicatur
843 1255 1002 1332 Tzaconia,
1023 1261 1052 1315 et
1066 1254 1173 1314 incolae
1185 1254 1277 1333 (Pan-

175 1334 247 1395 dect
269 1335 354 1396 Tura
369 1359 398 1417 p.
413 1341 455 1401 80
467 1345 498 1396 et
512 1338 649 1415 Turmgr.
664 1338 681 1397 l.
702 1342 724 1401 7
746 1360 775 1416 p·
794 1336 872 1420 489)
892 1340 1019 1401 Zacoues
1041 1360 1091 1399 seu
1112 1340 1275 1413 Tzacones3

172 1420 310 1495 valdeque
329 1424 435 1481 usitata
452 1424 491 1481 sit
513 1424 627 1483 Graecis
645 1424 845 1483 recentioribus
869 1424 1013 1485 literarum
1035 1424 1089 1485 TZ
1107 1426 1137 1483 in
1158 1425 1276 1485 aliarum

172 1503 263 1563 locum
276 1504 455 1581 substitutio;
476 1508 541 1567 hinc
563 1510 685 1583 τζακίζω
705 1529 758 1586 pro
779 1511 905 1582 λακίζιν,
928 1510 1029 1579 lacero,
1050 1529 1148 1587 rumpo.
1185 1527 1274 1585 quare

171 1590 220 1663 qui
234 1589 380 1650 Tzacoues
394 1592 430 1651 ab
443 1593 576 1652 Hebraeo
591 1594 670 1654 tzual
683 1595 778 1672 potius
794 1612 879 1669 quarn
893 1595 1010 1653 aveteri
1019 1592 1163 1653 Laconum
1174 1594 1273 1671 appel-

168 1674 274 1733 latione
286 1678 377 1737 dictos
394 1678 549 1757 existinnt,
569 1681 594 1736 is
614 1670 664 1739 cur
685 1697 743 1737 uon
767 1680 879 1755 quidvis
897 1680 951 1739 sibi
970 1682 1140 1759 persuadeat
1158 1698 1273 1739 causam

168 1760 262 1819 dicere
273 1780 333 1820 uon
347 1768 452 1840 potest

252 1848 391 1910 rl.v.13.
418 1848 603 1908 Orientalium
627 1850 797 1927 thematum]
825 1856 918 1909 exstat
946 1850 1055 1909 libellus
1090 1849 1272 1909 Constantini

168 1928 404 2009 Porphyrogeniti
419 1934 487 2012 acroi
504 1929 646 2014 θεμάτων
662 1929 862 2010 a'uaroirnniu3
887 1954 969 2011 quern
989 1936 1096 1993 Graece
1115 1941 1145 1993 et
1166 1934 1271 1993 Latine

168 2017 258 2074 edidit
282 2018 432 2077 Vulcanius
456 2019 599 2096 Batavus,
626 2020 758 2095 notisque
787 1983 950 2093 illuslravit;
978 2022 1008 2078 in
1034 2021 1128 2095 queiS,
1156 2024 1269 2099 praeter

167 2108 293 2161 caetera.
314 2107 473 2163 canerem
493 2128 546 2167 ταν
534 2103 692 2182 θέματος
708 2108 915 2183 significationes
929 2125 1002 2163 eremo
1019 2108 1134 2181 ignorat.
1165 2105 1270 2198 glossae

166 2193 265 2245 meree
274 2189 404 2246 interdurn
413 2192 619 2278 interpretantur
632 2190 672 2251 at
672 2214 713 2268 μα
727 2194 898 2267 praelineata,
919 2210 1017 2247 comm.
1039 2188 1170 2247 interdum
1185 2168 1268 2267 dina

165 2275 222 2332 τοῦ
253 2258 422 2419 άγθράττον
453 2276 687 2344 enuntiationem,
710 2274 780 2351 quod
806 2274 872 2332 idern
892 2281 932 2331 ert
954 2294 988 2333 oc
999 2277 1107 2351 positio.
1134 2274 1265 2333 interdurn

165 2356 237 2432 legio
248 2350 407 2431 τάξις,θέ
407 2382 457 2437 μα.
480 2378 514 2416 er
527 2379 578 2437 quo
587 2360 670 2437 laquei
679 2358 760 2437 θέμα
770 2359 840 2417 adera
850 2378 903 2416 esre
917 2358 985 2437 quod
997 2353 1081 2432 τάξιν
1098 2354 1192 2415 nel
1157 2382 1262 2439 ταγμα,
1280 2360 1302 2413 Ρ
1319 2362 1372 2417 204

164 2440 214 2498 Ιινι
241 2448 279 2500 ert
305 2442 439 2518 kgionenr
471 2444 641 2503 lastinianus
664 2447 806 2546 imperator
836 2446 863 2501 in
886 2441 1007 2502 Nouellrs
1026 2444 1178 2521 plerumque
1202 2444 1266 2502 iaec

164 2518 298 2605 τάγματα
310 2534 386 2585 uocat
403 2524 629 2608 στρατιωτικούς
642 2522 830 2609 ιιαταλάγονς.
848 2528 1006 2604 subiungit:
1029 2546 1078 2603 quo
1088 2529 1128 2605 fit
1142 2534 1172 2583 ut
1186 2527 1264 2586 Hier.

169 2610 262 2687 Wolfio
277 2616 485 2685 nonarrentiar,
506 2616 553 2691 qui
567 2610 684 2689 θέματα
698 2616 853 2690 prouincias
869 2616 981 2670 uertit'
969 2632 998 2670 ιη
1017 2612 1146 2681 Ζννανας
1167 2618 1198 2668 ut
1216 2632 1265 2671 nec

161 2694 317 2754 Enimundo
329 2696 481 2769 Bonifidio,
500 2703 528 2757 ct
546 2697 648 2754 doctori
664 2700 840 2767 innominata,
864 2718 909 2755 cue
904 2697 957 2757 id
977 2703 1111 2773 aconitum
1122 2696 1197 2774 sert,
1217 2701 1265 2773 qui

161 2782 377 2839 annotationibus
390 2786 446 2839 ruet
458 2785 494 2839 in‘
504 2785 548 2840 ius
565 2781 701 2839 Orientale
721 2782 806 2841 lacurn
823 2780 900 2839 illum
915 2800 947 2839 en
965 2784 1146 2839 constitutione
1160 2781 1266 2840 lanarii

162 2865 299 2939 cumaeni,
317 2864 366 2925 uui
388 2859 589 2947 grippone
608 2860 772 2937 κατάθεσις
792 2869 868 2925 τῶν
875 2860 954 2928 ὅλων
976 2868 1147 2942 θεματινῶν
1170 2864 1264 2945 raupi—

162 2967 304 3032 concarp
294 2951 461 3033 βασιλείᾳ
473 2974 550 3028 μου,
569 2953 755 3029 interpretatur
769 2954 944 3029 θεματικνῖν
960 2950 1179 3029 provincialrffum
1200 2972 1264 3027 quar

160 3053 211 3109 ego
227 3038 317 3112 potius
332 3035 490 3110 legionariae
507 3040 635 3095 certain.
663 3039 732 3095 inter
745 3030 878 3114 τάγματα
894 3054 954 3092 uero
968 3038 1022 3093 siue
1039 3034 1154 3110 legiones
1165 3040 1195 3091 et
1207 3034 1262 3097 θέ-

161 3142 240 3198 ματα
252 3119 300 3177 Ιιοτ
314 3124 416 3178 marn
430 3126 469 3178 ert
481 3120 664 3197 differentiae,
687 3120 756 3198 quod
774 3120 823 3177 illa
805 3122 950 3198 aflerante
973 3124 1080 3195 imperio
1094 3119 1214 3177 Ranarro
1228 3126 1259 3175 ut

159 3207 250 3261 iustae
260 3203 372 3281 legiones
385 3208 425 3264 ita
441 3204 528 3263 ductae
537 3203 665 3281 frenant,
680 3226 747 3283 quae
755 3211 847 3281 postea
860 3209 996 3261 imminuto
1008 3210 1180 3279 truncatoque
1197 3204 1258 3261 He-

159 3288 242 3347 raclii
255 3289 411 3367 tenporibus
423 3290 539 3347 eodnn'
527 3292 634 3367 emperia
652 3284 796 3363 θεμάτων
821 3290 1036 3385 appellationem,
1057 3287 1257 3343 destineantur

158 3376 280 3434 neaera·
301 3374 475 3452 amplitudine
492 3375 655 3449 legionibus,
675 3378 729 3434 rint
749 3381 894 3431 consecrata
923 3372 1030 3447 quod
1023 3390 1114 3449 ipsum
1136 3376 1257 3429 testatur

157 3457 203 3518 hic
222 3464 320 3517 noster
342 3460 452 3516 dicens:
482 3452 556 3520 etat
577 3451 686 3542 πρῴην
707 3458 759 3519 nal
782 3451 845 3518 κατ’
866 3479 959 3536 αρχας
972 3476 1107 3534 τάγματα
1122 3479 1188 3517 τινα
1205 3455 1256 3517 καὶ

158 3541 342 3623 ieyeoiuee‘
319 3546 458 3622 νττῆρχον
473 3519 730 3624 ἀναγεγραμμέναι
758 3566 813 3603 κατ
813 3535 961 3613 'iduare
979 3540 1080 3615 quibus
1100 3540 1256 3618 legionibus

157 3635 284 3687 recenset
303 3628 443 3707 legionem
457 3627 501 3692 40
517 3634 686 3705 martynnn,
707 3630 744 3686 de
762 3628 863 3703 quibus
882 3626 1016 3685 Basilius
1039 3618 1122 3688 οὗτοι
1137 3626 1256 3705 τγλικίας

156 3707 241 3799 άκμῇ
262 3712 312 3775 uel
329 3708 457 3793 δυνάμει
472 3719 534 3775 τῶν
550 3707 621 3774 καθ’
637 3707 819 3785 ἓαυτούς’
776 3736 898 3773 παντων
918 3706 1113 3791 διενεγκοντες
1124 3712 1166 3783 εἰς
1184 3708 1256 3785 τούς

157 3794 385 3879 στρατιωτικαῖς
400 3804 495 3861 τελεῖν
508 3792 683 3877 ἐτάχθησαν
691 3792 889 3877 καταλόγους,
906 3798 960 3855 hoc
973 3802 1032 3873 est,
1053 3798 1182 3855 atvertit
1170 3797 1255 3855 t-Bu

155 3886 293 3961 daeus,'
279 3903 309 3942 en
331 3885 446 3943 cohorter
465 3890 490 3942 et
506 3903 624 3943 aunem
643 3884 773 3960 legionum
793 3883 884 3943 allecti
900 3889 969 3941 runt.
996 3882 1074 3960 apud
1095 3882 1255 3940 Cedrenuru

155 3986 184 4046 p
208 3968 304 4033 466
296 3988 325 4027 ru
347 3970 530 4050 Coprouymo
553 3969 688 4049 aooipitur
711 3966 792 4047 θὲμα
816 3988 869 4047 pro
895 3968 1086 4045 praefectura,
1107 3970 1148 4025 ein
1161 3968 1252 4067 pfleg:

151 4049 224 4125 rode
245 4050 307 4115 orni
305 4053 405 4160 θὲμα
426 4058 488 4116 τῶν
510 4048 814 4136 Θμμκησίωνὸντας.
837 4052 1026 4131 paulopost,
1048 4068 1121 4112 aare
1146 4051 1177 4111 ἒν
1193 4045 1252 4129 alep

151 4140 197 4215 rai
209 4132 262 4199 ὑπ’
275 4131 369 4200 αντόν
382 4140 502 4218 θὲματι.
525 4140 615 4197 edidit
629 4139 787 4197 Fridericus
806 4136 940 4196 Morellns
961 4138 1103 4215 professor
1116 4134 1252 4195 Parisien-

151 4223 208 4300 sis,
230 4222 353 4285 libellum
363 4222 620 4286 GraecoLatinum
633 4226 669 4284 de
683 4210 909 4285 Occidentalibus
925 4220 1116 4279 Thematibus
