3075 4867
543 259 590 327 ΙΝ
610 257 759 329 comm
777 260 862 330 cir.
884 258 940 329 111.
1176 313 1178 318 ν
1228 264 1302 337 231

268 437 296 493 p.
309 422 343 478 14
358 438 385 477 r.
399 420 446 480 21.
463 420 608 493 γαμβρῶν]
624 440 675 479 uon
692 435 804 495 μονον
821 423 912 491 ruodo,
937 422 982 477 sed
1000 426 1026 477 el
1042 418 1135 481 lcoirm
1151 426 1178 479 et
1194 442 1303 481 orosam

195 494 306 563 fratres,
323 491 368 562 qui
384 496 411 544 ct
427 484 619 562 ἄνθοάδελφοι
634 498 666 547 et
678 490 914 563 γνναικάδελφοι,
931 493 1027 546 Gracci
1043 498 1138 555 vocant
1154 492 1303 567 ναμβοούς.
1351 492 1356 510 ¹
1395 518 1397 523 ’

198 562 411 685 mus-semel
426 567 551 616 sexcenta
566 563 682 634 reperiet
696 564 763 635 apud
788 578 876 617 eorum
900 562 1035 617 historicos
1058 570 1085 617 ct
1110 562 1302 619 iurisconsulter

267 648 379 786 pitiliar.
390 718 416 771 1.
442 710 657 787 χρυσονόνκινα]
681 733 745 771 auro
768 715 887 773 nimirum
910 665 1039 790 rubroque
1062 714 1146 773 serico
1169 716 1299 787 distincta,

196 784 256 841 sire
271 785 346 842 simul
358 790 431 839 texte
446 786 501 841 aire
517 802 565 839 acu
582 786 705 856 pingente
721 786 815 841 eddita.
1216 817 1222 829 ·

281 874 347 935 idid.
381 880 452 934 nota
472 895 568 934 cruces
584 876 614 933 in
628 876 708 954 pileis
722 894 889 955 generorum
904 875 1163 954 imperatoriorum,
1190 885 1220 937 et
1236 872 1298 954 qii-

195 961 262 1020 dem
282 979 342 1019 non
363 975 400 1019 'ex
428 962 615 1045 qualicunque
636 963 754 1022 materia
778 962 830 1021 scd
852 980 887 1021 ex
914 962 1072 1040 margaritis
1088 964 1238 1024 confectas.
1264 970 1297 1024 ut
1330 986 1333 1007 ⁴

194 1046 289 1127 placet
301 1046 347 1105 hio
359 1064 425 1116 mos,
431 1047 536 1105 nostris
549 1047 774 1121 stauromechist

258 1136 364 1197 'cruces
391 1142 504 1225 quinque
531 1142 633 1197 circiter
662 1144 769 1227 gemmis
803 1142 945 1210 conflatas,
969 1147 998 1197 et
1025 1144 1058 1198 ad
1083 1142 1172 1199 circuli
1189 1144 1298 1227 tquelis

194 1217 236 1268 eat
251 1214 386 1267 Gallorum
403 1212 536 1281 comitum)
547 1219 624 1282 ceput
640 1213 774 1267 ambrentis
792 1220 917 1285 quattuor
932 1220 1030 1287 partes,
1045 1214 1155 1277 iroutem
1171 1230 1297 1281 nimirum,
1369 1248 1372 1255 .

195 1288 333 1356 unamque
348 1298 435 1336 aurem
455 1286 483 1335 et
497 1282 613 1352 occiput,
629 1281 827 1353 circumpositas.

261 1368 298 1420 tl.
313 1384 341 1421 r.
357 1368 384 1421 2.
416 1362 533 1437 Αμύρονς]
559 1367 669 1421 taeniam
682 1367 802 1437 'intellige
817 1368 928 1426 nentem
944 1342 1196 1437 circumcingentem,
1215 1383 1298 1437 nuper

192 1435 317 1489 circulum
333 1435 436 1501 dictam
452 1442 480 1490 ct
496 1454 559 1490 orae
575 1436 634 1506 pilei
648 1436 776 1503 iunctam,
793 1436 850 1489 slve
867 1438 905 1490 illi
922 1438 1024 1509 penitus
1042 1437 1225 1507 agglutinetur,
1242 1437 1298 1491 sire

194 1522 227 1588 οξ
244 1511 320 1575 parte
336 1504 464 1575 superiori
480 1506 593 1559 nonnihil
609 1504 747 1571 dissideat3
766 1522 841 1575 quam
858 1514 998 1576 propterea
1015 1508 1149 1575 Grcgcras
1160 1506 1208 1561 1.5
1224 1500 1298 1559 κατὰ

191 1592 247 1640 την
268 1570 420 1627 uoico'uul
445 1575 544 1642 κοίλην
568 1568 736 1643 ἐπιφάνειαν
757 1574 905 1629 νονλίοκον
927 1572 1092 1645 χρυσοειδέα
1115 1580 1202 1630 vocat.
1237 1572 1298 1627 vide
1392 1607 1394 1610 -

190 1649 279 1697 uotam
295 1642 322 1696 iu
338 1658 448 1713 sequens
464 1649 543 1713 eaput
557 1643 592 1697 ad
609 1662 636 1714 p.
656 1644 689 1699 19
704 1660 733 1701 v.
751 1645 780 1699 3.
829 1705 834 1717 ,

260 1728 299 1781 it.
313 1744 341 1781 v.
358 1730 385 1783 7.
401 1722 545 1847 aperirem]
562 1744 611 1782 nec
627 1729 758 1783 caeruleus
774 1747 822 1783 nee
839 1729 927 1785 viridis
944 1734 985 1783 est
1001 1726 1136 1799 ἠεοάνεος
1152 1727 1230 1792 color,
1249 1726 1296 1782 sed

191 1795 304 1865 medius,
323 1797 367 1866 qui
383 1812 413 1850 ao
432 1796 521 1850 viridia
537 1804 565 1851 et
579 1797 650 1867 porri
666 1798 728 1851 tolio
745 1798 848 1863 similis,
864 1800 980 1869 prasinus
997 1806 1026 1853 ct
1043 1800 1164 1868 glaucus.
1187 1804 1246 1851 vert
1263 1797 1297 1849 de

190 1882 255 1921 mer.
288 1866 328 1919 ita
344 1883 385 1918 me
401 1880 465 1918 usus
485 1870 513 1917 et
536 1882 591 1919 eum
613 1866 752 1938 baphiariis
777 1869 889 1923 Graecis
914 1869 1066 1938 colloquium
1091 1866 1203 1922 edocuit.
1237 1866 1297 1919 hino

190 1934 253 2003 quia
277 1933 304 1987 in
328 1941 465 2002 utrumque
486 1933 614 1999 declinat,
642 1936 735 1989 scribit
759 1953 809 1989 uuo
833 1936 891 1990 loco
920 1939 1008 1991 Simon
1033 1938 1153 1991 Pettius:
1181 1938 1296 2005 glaucae

189 2000 342 2069 πράοινος,
363 1997 500 2073 γλαυκός,
522 2004 550 2057 iu
567 2003 618 2057 elio
635 2000 761 2073 γερονιός
778 2008 917 2076 (corrupta
933 2007 1108 2077 pronuntiatio
1127 2010 1183 2071 est,
1207 1998 1294 2071 ἠεοά-

188 2089 252 2133 seoe
268 2072 341 2141 vioe)
359 2066 488 2138 κυανέας,
504 2069 636 2139 yiovaeicr
654 2075 763 2137 caesius,
780 2094 901 2143 moneor,
920 2083 1025 2129 vendes
1042 2077 1120 2131 color.
1156 2072 1188 2125 de
1201 2073 1294 2139 glauco

188 2147 219 2195 et
233 2141 318 2193 caesio
338 2142 424 2195 colore
440 2140 515 2194 ulvae
531 2141 655 2211 calicique
669 2142 792 2225 persimili
808 2144 935 2198 Antonius
947 2143 1084 2212 Thylesius
1097 2144 1199 2195 Lazaro
1210 2140 1294 2193 Bailio

188 2210 341 2279 adiunctus3
363 2208 397 2264 de
414 2215 528 2279 veneto,
550 2227 626 2281 quem
643 2211 781 2282 ffispamce
799 2214 877 2268 verde
893 2214 926 2270 dc
943 2214 972 2267 lo
988 2230 1048 2267 mor
1072 2208 1191 2283 exponit,
1215 2208 1295 2263 Calc-
1399 2258 1402 2269 .

188 2296 292 2419 pmii.
308 2382 336 2420 v.
354 2364 381 2418 8.
397 2356 514 2429 τιμήσας
530 2361 802 2435 οεβαοτονράτορας]
825 2365 858 2420 de
876 2380 927 2434 quc
943 2339 1002 2435 ipse
1019 2366 1214 2421 Cantacuzcuus
1229 2370 1248 2423 4
1264 2367 1309 2423 5.·

256 2452 294 2504 it.
303 2466 330 2504 r.
344 2452 386 2504 10.
404 2440 505 2515 ἔχοντα
522 2442 625 2511 cissoaie
637 2448 850 2519 ονομοτεϊνονς]
870 2452 945 2504 talem
957 2450 1072 2521 depingit
1085 2454 1248 2524 Gregoras4
1267 2456 1292 2521 1,

187 2519 217 2573 iu
234 2513 305 2572 euius
321 2520 439 2579 κυανοῖς
453 2517 577 2581 πεδίλοις
590 2517 640 2571 nul
654 2523 822 2588 χρυσοϋφεῖς
839 2516 1023 2589 deceptione
1037 2515 1125 2575 αἰετοί.

255 2605 292 2659 ile.
309 2621 335 2656 v.
354 2604 396 2657 11.
413 2597 453 2663 eie
470 2596 544 2669 ἀέρα
559 2600 703 2672 κόκκινον]
724 2604 763 2657 ita
780 2612 808 2665 ut
825 2606 851 2659 in
868 2606 944 2676 plano
963 2622 1009 2659 seu
1026 2607 1125 2659 scutulo
1143 2608 1224 2660 rubeo
1242 2622 1292 2660 au-

186 2688 251 2729 reae
267 2672 387 2744 depietae
403 2673 489 2725 forent
506 2672 624 2740 aquilae,
646 2689 713 2744 quae
736 2672 858 2745 deinceps
885 2675 982 2743 glaucis
999 2673 1092 2729 calceis
1110 2683 1291 2741 assuereutm

186 2748 217 2797 et
227 2742 310 2795 dictio
327 2736 384 2809 oirjp
399 2739 467 2793 idem
484 2739 527 2791 hic
544 2738 639 2793 indicet
655 2741 725 2811 quod
741 2741 768 2793 iu
786 2743 960 2813 superioribus
977 2739 1087 2811 κάμπος
1102 2740 1159 2813 ἤως
1182 2745 1292 2812 πεδίον,

182 2813 270 2882 penso
285 2808 483 2878 versicoloribus
499 2808 590 2876 figuris
605 2808 720 2877 insigniti
734 2813 874 2879 planities,
892 2814 918 2865 le
929 2814 1012 2880 fondo
1029 2812 1106 2865 d'ooe
1123 2815 1242 2867 brcdcrie
1257 2832 1292 2867 ou

184 2880 265 2935 d‘une
280 2882 369 2949 etoffe
385 2880 404 2931 d
419 2894 547 2947 cecrope,
564 2877 679 2946 angera
695 2879 725 2932 in
741 2882 874 2935 amionem
892 2882 1025 2937 desinente
1041 2882 1143 2950 penitus
1160 2883 1289 2938 distircta.

269 2970 306 3028 it.
329 2986 355 3025 v.
372 2970 419 3029 12.
438 2964 538 3024 Iunius
550 2970 667 3042 κῶνος,
688 2986 744 3045 ego
759 2966 871 3050 ὁμοίως
884 2989 919 3031 ex
932 2970 1043 3031 duobus
1058 2971 1199 3031 Bauericis
1213 2972 1290 3031 codi-

184 3053 278 3127 cibus3
299 3068 372 3130 quae
384 3051 523 3131 scriptura
536 3072 670 3132 gemere
681 3060 734 3134 ert.

267 3140 304 3199 ie.
323 3155 351 3197 ν.
376 3137 423 3200 15.
459 3134 638 3218 χαρτάρνον,
670 3138 792 3216 χαρτίον
817 3140 950 3200 scutulum
977 3140 1146 3218 quadratum.
1191 3138 1288 3197 Iunius

183 3224 279 3323 vertit·
298 3222 458 3302 medeamur
482 3228 610 3300 tesserae,
641 3224 740 3300 aitque
765 3230 929 3305 corruptum
955 3243 989 3285 ex
1007 3224 1104 3297 Italico
1127 3230 1159 3283 et
1179 3224 1288 3283 Gallico

184 3316 389 3461 wawere
404 3388 508 3442 maiolo
524 3404 601 3459 posse
617 3387 669 3442 dici
686 3389 784 3459 probo,
802 3389 936 3457 quadrae
954 3388 1050 3457 iugiter
1064 3386 1168 3441 infitior.
1186 3382 1289 3455 καρποί·

183 3476 248 3527 psov
269 3460 336 3512 enim
359 3458 464 3510 trauca
487 3460 544 3525 est,
575 3459 689 3525 lomina,
711 3462 839 3511 mutulam
861 3473 1018 3528 quacunque,
1036 3458 1120 3527 ligura
1144 3457 1288 3511 conforme-

183 3536 253 3595 tum,
271 3526 346 3582 alteri
361 3526 400 3579 rei
417 3531 523 3579 amatus
542 3544 604 3596 ergo
620 3527 849 3596 superponendum.

213 3619 215 3624 ’
271 3601 388 3660 Gloriae
396 3599 534 3677 plumbeae
546 3602 624 3679 apud
635 3598 815 3659 Anastasium
826 3602 855 3657 in
866 3597 967 3677 Sergio
976 3604 1006 3658 et
1017 3598 1157 3678 Gregorio
1167 3596 1209 3657 ΠΙ
1219 3603 1287 3655 sunt

183 3684 296 3765 tegulae
313 3684 476 3764 plumbeae,
496 3684 598 3761 quibus
617 3686 743 3745 aedilicia
763 3692 847 3747 tecta.
870 3686 966 3765 itaque
987 3684 1055 3743 nihil
1073 3686 1111 3743 ad
1126 3681 1287 3765 χαρτᾶριον
1363 3731 1379 3751 χ

182 3779 214 3831 et
230 3772 352 3851 χαρτίον
371 3775 500 3828 nostrum
522 3770 613 3829 facere
631 3770 770 3831 videntur.
792 3790 857 3831 mox
874 3770 939 3849 lego
958 3790 1020 3828 cum
1038 3770 1100 3828 cod.
1120 3768 1207 3828 Boico
1228 3770 1285 3826 dis-

181 3856 298 3915 iunctim
322 3850 394 3935 perci
421 3851 538 3935 ραφήν.
567 3854 598 3913 iu
621 3854 711 3951 altero
735 3864 780 3916 est
805 3850 1009 3937 καταγραφήν.
1039 3856 1113 3913 forte
1134 3856 1180 3913 hic
1200 3854 1286 3912 etiam

183 3941 341 4046 disiunetim
356 3935 431 4002 cerci
450 3934 572 4043 ppepniv
588 3940 766 4002 scribendum
791 3944 859 4021 erit,
880 3942 904 4000 si
919 3942 993 4001 forte
1006 3941 1050 3999 cui
1062 3940 1153 4019 magis
1175 3939 1286 4019 placeat

180 4025 531 4177 γραῗῖἳίἒῗιῖιῗάρἕοζῑῆν]
548 4104 625 4161 lectio
643 4103 688 4159 tot'
701 4105 728 4160 iu
745 4106 932 4176 exemplaribus
949 4104 1055 4161 interce
1067 4102 1167 4159 collatis
1180 4106 1285 4174 reperte

182 4177 337 4233 retinendae
364 4176 461 4233 suturis
477 4192 586 4248 namque
608 4176 682 4232 velut
705 4175 891 4235 deformitatem
916 4192 1001 4233 secum
1023 4174 1163 4232 terentibus
1178 4178 1285 4227 cruatur
1355 4198 1358 4205 ,

182 4247 246 4302 addi
262 4245 405 4303 cousuevit.
