<?xml version="1.0" encoding="UTF-8"?>
<!DOCTYPE html PUBLIC "-//W3C//DTD XHTML 1.0 Transitional//EN"
    "http://www.w3.org/TR/xhtml1/DTD/xhtml1-transitional.dtd">
<html xmlns="http://www.w3.org/1999/xhtml" xml:lang="en" lang="en">
 <head>
  <title>
</title>
<meta http-equiv="Content-Type" content="text/html;charset=utf-8" />
  <meta name='ocr-system' content='tesseract 3.04.00' />
  <meta name='ocr-capabilities' content='ocr_page ocr_carea ocr_par ocr_line ocrx_word'/>
</head>
<body>
  <div class='ocr_page' id='page_1' title='image "./corpusscriptoru23theogoog/corpusscriptoru23theogoog_0303.png"; bbox 0 0 3075 4867; ppageno 0'>
   <div class='ocr_carea' id='block_1_1' title="bbox 500 324 1253 396">
    <p class='ocr_par' dir='ltr' id='par_1_1' title="bbox 500 324 1253 396">
     <span class='ocr_line' id='line_1_1' title="bbox 500 324 1253 396; baseline 0.007 -5"><span class='ocrx_word' id='word_1_1' title='bbox 500 325 545 391; x_wconf 85' lang='lat' dir='ltr'><strong>lu</strong></span> <span class='ocrx_word' id='word_1_2' title='bbox 568 324 905 394; x_wconf 64' lang='lat' dir='ltr'><strong>comminamur.</strong></span> <span class='ocrx_word' id='word_1_3' title='bbox 1177 324 1253 396; x_wconf 74' lang='lat' dir='ltr'><strong>aab</strong></span> 
     </span>
    </p>
   </div>
   <div class='ocr_carea' id='block_1_2' title="bbox 145 483 1253 627">
    <p class='ocr_par' dir='ltr' id='par_1_2' title="bbox 145 483 1253 627">
     <span class='ocr_line' id='line_1_2' title="bbox 146 483 1253 559; baseline 0.004 -20"><span class='ocrx_word' id='word_1_4' title='bbox 146 486 222 539; x_wconf 75' lang='lat' dir='ltr'><strong>dame</strong></span> <span class='ocrx_word' id='word_1_5' title='bbox 240 483 305 551; x_wconf 85' lang='lat' dir='ltr'><strong>eins,</strong></span> <span class='ocrx_word' id='word_1_6' title='bbox 322 483 433 556; x_wconf 83' lang='lat' dir='ltr'><strong>inquam,</strong></span> <span class='ocrx_word' id='word_1_7' title='bbox 450 484 543 540; x_wconf 89' lang='lat' dir='ltr'><strong>nomini</strong></span> <span class='ocrx_word' id='word_1_8' title='bbox 560 486 668 557; x_wconf 89' lang='lat' dir='ltr'><strong>primum</strong></span> <span class='ocrx_word' id='word_1_9' title='bbox 684 486 713 539; x_wconf 89' lang='lat' dir='ltr'><strong>et</strong></span> <span class='ocrx_word' id='word_1_10' title='bbox 725 485 890 557; x_wconf 84' lang='lat' dir='ltr'><strong>praecipuum</strong></span> <span class='ocrx_word' id='word_1_11' title='bbox 906 484 1005 559; x_wconf 76' lang='lat' dir='ltr'><strong>mpcu</strong></span> <span class='ocrx_word' id='word_1_12' title='bbox 1021 484 1175 542; x_wconf 77' lang='lat' dir='ltr'><strong>hamulum</strong></span> <span class='ocrx_word' id='word_1_13' title='bbox 1190 504 1253 543; x_wconf 84' lang='lat' dir='ltr'><strong>con·</strong></span> 
     </span>
     <span class='ocr_line' id='line_1_3' title="bbox 145 550 820 627; baseline 0.001 -17"><span class='ocrx_word' id='word_1_14' title='bbox 145 559 277 610; x_wconf 83' lang='lat' dir='ltr'><strong>sacratam</strong></span> <span class='ocrx_word' id='word_1_15' title='bbox 292 562 350 619; x_wconf 83' lang='lat' dir='ltr'><strong>est,</strong></span> <span class='ocrx_word' id='word_1_16' title='bbox 369 563 398 609; x_wconf 86' lang='lat' dir='ltr'><strong>et</strong></span> <span class='ocrx_word' id='word_1_17' title='bbox 415 550 633 626; x_wconf 70' lang='grc' dir='ltr'><strong>ἀρχιστράτηγος</strong></span> <span class='ocrx_word' id='word_1_18' title='bbox 647 564 820 627; x_wconf 78' lang='lat' dir='ltr'><strong>nuncupatur.</strong></span> 
     </span>
    </p>
   </div>
   <div class='ocr_carea' id='block_1_3' title="bbox 143 651 1251 1198">
    <p class='ocr_par' dir='ltr' id='par_1_3' title="bbox 143 651 1251 1198">
     <span class='ocr_line' id='line_1_4' title="bbox 216 651 1251 729; baseline 0.005 -20"><span class='ocrx_word' id='word_1_19' title='bbox 216 656 284 711; x_wconf 84' lang='lat' dir='ltr'><strong>ibid.</strong></span> <span class='ocrx_word' id='word_1_20' title='bbox 302 652 414 721; x_wconf 74' lang='grc' dir='ltr'><em>εἰκόνας</em></span> <span class='ocrx_word' id='word_1_21' title='bbox 430 651 499 727; x_wconf 75' lang='grc' dir='ltr'><em>ἔχων</em></span> <span class='ocrx_word' id='word_1_22' title='bbox 515 654 633 727; x_wconf 73' lang='grc' dir='ltr'><em>πολλάς]</em></span> <span class='ocrx_word' id='word_1_23' title='bbox 659 656 683 710; x_wconf 89' lang='lat' dir='ltr'><strong>si</strong></span> <span class='ocrx_word' id='word_1_24' title='bbox 701 657 791 729; x_wconf 84' lang='lat' dir='ltr'><strong>plnres</strong></span> <span class='ocrx_word' id='word_1_25' title='bbox 805 657 953 729; x_wconf 87' lang='lat' dir='ltr'><strong>pontificum</strong></span> <span class='ocrx_word' id='word_1_26' title='bbox 969 656 1091 727; x_wconf 74' lang='lat' dir='ltr'><strong>imagines</strong></span> <span class='ocrx_word' id='word_1_27' title='bbox 1108 676 1140 713; x_wconf 89' lang='lat' dir='ltr'><strong>oo</strong></span> <span class='ocrx_word' id='word_1_28' title='bbox 1156 660 1251 722; x_wconf 82' lang='lat' dir='ltr'><strong>vexillo</strong></span> 
     </span>
     <span class='ocr_line' id='line_1_5' title="bbox 165 725 1251 799; baseline 0.003 -18"><span class='ocrx_word' id='word_1_29' title='bbox 165 725 288 794; x_wconf 80' lang='lat' dir='ltr'><strong>inguntur</strong></span> <span class='ocrx_word' id='word_1_30' title='bbox 306 743 393 779; x_wconf 86' lang='lat' dir='ltr'><strong>eornm</strong></span> <span class='ocrx_word' id='word_1_31' title='bbox 410 744 476 797; x_wconf 86' lang='lat' dir='ltr'><strong>qnos</strong></span> <span class='ocrx_word' id='word_1_32' title='bbox 492 726 610 780; x_wconf 86' lang='lat' dir='ltr'><strong>devotius</strong></span> <span class='ocrx_word' id='word_1_33' title='bbox 628 726 714 779; x_wconf 91' lang='lat' dir='ltr'><strong>colunt</strong></span> <span class='ocrx_word' id='word_1_34' title='bbox 732 734 760 780; x_wconf 86' lang='lat' dir='ltr'><strong>et</strong></span> <span class='ocrx_word' id='word_1_35' title='bbox 776 727 804 781; x_wconf 89' lang='lat' dir='ltr'><strong>in</strong></span> <span class='ocrx_word' id='word_1_36' title='bbox 820 727 929 797; x_wconf 76' lang='lat' dir='ltr'>publicis</span> <span class='ocrx_word' id='word_1_37' title='bbox 952 728 1070 797; x_wconf 76' lang='lat' dir='ltr'>precibus</span> <span class='ocrx_word' id='word_1_38' title='bbox 1092 729 1251 799; x_wconf 76' lang='lat' dir='ltr'><strong>frequcmius</strong></span> 
     </span>
     <span class='ocr_line' id='line_1_6' title="bbox 174 795 1251 865; baseline 0.005 -18"><span class='ocrx_word' id='word_1_39' title='bbox 174 796 300 861; x_wconf 87' lang='lat' dir='ltr'><strong>clamant,</strong></span> <span class='ocrx_word' id='word_1_40' title='bbox 317 795 402 864; x_wconf 77' lang='lat' dir='ltr'><strong>magni</strong></span> <span class='ocrx_word' id='word_1_41' title='bbox 418 795 522 860; x_wconf 86' lang='lat' dir='ltr'><strong>Basilii,</strong></span> <span class='ocrx_word' id='word_1_42' title='bbox 537 795 659 865; x_wconf 82' lang='lat' dir='ltr'><strong>Gregorii</strong></span> <span class='ocrx_word' id='word_1_43' title='bbox 674 796 803 865; x_wconf 77' lang='lat' dir='ltr'><strong>theologi,</strong></span> <span class='ocrx_word' id='word_1_44' title='bbox 831 797 933 850; x_wconf 90' lang='lat' dir='ltr'><strong>loannis</strong></span> <span class='ocrx_word' id='word_1_45' title='bbox 950 797 1144 865; x_wconf 80' lang='lat' dir='ltr'><strong>Chrysoshomi,</strong></span> <span class='ocrx_word' id='word_1_46' title='bbox 1169 800 1251 853; x_wconf 78' lang='lat' dir='ltr'><strong>stha-</strong></span> 
     </span>
     <span class='ocr_line' id='line_1_7' title="bbox 145 863 1250 951; baseline 0.003 -34"><span class='ocrx_word' id='word_1_47' title='bbox 145 863 229 929; x_wconf 85' lang='lat' dir='ltr'><strong>nasil,</strong></span> <span class='ocrx_word' id='word_1_48' title='bbox 247 864 340 933; x_wconf 78' lang='lat' dir='ltr'><strong>eyruu</strong></span> <span class='ocrx_word' id='word_1_49' title='bbox 358 864 523 919; x_wconf 78' lang='lat' dir='ltr'>Alexandrini</span> <span class='ocrx_word' id='word_1_50' title='bbox 537 872 565 919; x_wconf 88' lang='lat' dir='ltr'><strong>et</strong></span> <span class='ocrx_word' id='word_1_51' title='bbox 581 864 684 919; x_wconf 87' lang='lat' dir='ltr'><strong>Nicolai</strong></span> <span class='ocrx_word' id='word_1_52' title='bbox 701 864 832 933; x_wconf 82' lang='lat' dir='ltr'><strong>Myreosis</strong></span> <span class='ocrx_word' id='word_1_53' title='bbox 849 865 942 928; x_wconf 76' lang='lat' dir='ltr'><strong>ibidem</strong></span> <span class='ocrx_word' id='word_1_54' title='bbox 959 867 1056 935; x_wconf 86' lang='lat' dir='ltr'><strong>positas</strong></span> <span class='ocrx_word' id='word_1_55' title='bbox 1073 865 1132 919; x_wconf 85' lang='lat' dir='ltr'><strong>mihi</strong></span> <span class='ocrx_word' id='word_1_56' title='bbox 1145 884 1250 951; x_wconf 84' lang='lat' dir='ltr'><strong>prorsus</strong></span> 
     </span>
     <span class='ocr_line' id='line_1_8' title="bbox 145 932 1249 1004; baseline 0.004 -19"><span class='ocrx_word' id='word_1_57' title='bbox 145 932 276 987; x_wconf 85' lang='lat' dir='ltr'><strong>indubium</strong></span> <span class='ocrx_word' id='word_1_58' title='bbox 293 939 349 999; x_wconf 67' lang='grc' dir='ltr'><strong>σοις</strong></span> <span class='ocrx_word' id='word_1_59' title='bbox 371 939 399 986; x_wconf 89' lang='lat' dir='ltr'><strong>et</strong></span> <span class='ocrx_word' id='word_1_60' title='bbox 415 940 486 987; x_wconf 84' lang='lat' dir='ltr'><strong>certe</strong></span> <span class='ocrx_word' id='word_1_61' title='bbox 504 934 530 986; x_wconf 89' lang='lat' dir='ltr'><strong>in</strong></span> <span class='ocrx_word' id='word_1_62' title='bbox 548 932 650 987; x_wconf 87' lang='lat' dir='ltr'><strong>octifido</strong></span> <span class='ocrx_word' id='word_1_63' title='bbox 667 934 761 987; x_wconf 81' lang='lat' dir='ltr'><strong>vexillo</strong></span> <span class='ocrx_word' id='word_1_64' title='bbox 780 934 916 1001; x_wconf 88' lang='lat' dir='ltr'><strong>eiusmodi,</strong></span> <span class='ocrx_word' id='word_1_65' title='bbox 940 952 987 1004; x_wconf 90' lang='lat' dir='ltr'><strong>pro</strong></span> <span class='ocrx_word' id='word_1_66' title='bbox 1010 934 1118 1002; x_wconf 82' lang='lat' dir='ltr'><strong>singulis</strong></span> <span class='ocrx_word' id='word_1_67' title='bbox 1133 935 1249 990; x_wconf 78' lang='lat' dir='ltr'><strong>nimirum</strong></span> 
     </span>
     <span class='ocr_line' id='line_1_9' title="bbox 145 1002 1249 1073; baseline 0.004 -19"><span class='ocrx_word' id='word_1_68' title='bbox 145 1002 250 1069; x_wconf 76' lang='lat' dir='ltr'><strong>lingulis</strong></span> <span class='ocrx_word' id='word_1_69' title='bbox 266 1018 358 1071; x_wconf 87' lang='lat' dir='ltr'><strong>unum,</strong></span> <span class='ocrx_word' id='word_1_70' title='bbox 375 1008 435 1055; x_wconf 91' lang='lat' dir='ltr'><strong>octo</strong></span> <span class='ocrx_word' id='word_1_71' title='bbox 453 1019 545 1056; x_wconf 89' lang='lat' dir='ltr'><strong>censeo</strong></span> <span class='ocrx_word' id='word_1_72' title='bbox 561 1002 694 1073; x_wconf 89' lang='lat' dir='ltr'><strong>depictos,</strong></span> <span class='ocrx_word' id='word_1_73' title='bbox 715 1011 743 1057; x_wconf 89' lang='lat' dir='ltr'><strong>ct</strong></span> <span class='ocrx_word' id='word_1_74' title='bbox 758 1002 792 1056; x_wconf 91' lang='lat' dir='ltr'><strong>ad</strong></span> <span class='ocrx_word' id='word_1_75' title='bbox 806 1004 905 1073; x_wconf 87' lang='lat' dir='ltr'><strong>priores</strong></span> <span class='ocrx_word' id='word_1_76' title='bbox 924 1020 973 1055; x_wconf 93' lang='lat' dir='ltr'><strong>non</strong></span> <span class='ocrx_word' id='word_1_77' title='bbox 992 1020 1080 1073; x_wconf 88' lang='lat' dir='ltr'><strong>parum</strong></span> <span class='ocrx_word' id='word_1_78' title='bbox 1098 1005 1131 1057; x_wconf 92' lang='lat' dir='ltr'><strong>ab</strong></span> <span class='ocrx_word' id='word_1_79' title='bbox 1150 1005 1188 1057; x_wconf 90' lang='lat' dir='ltr'><strong>eis</strong></span> <span class='ocrx_word' id='word_1_80' title='bbox 1203 1023 1249 1058; x_wconf 89' lang='lat' dir='ltr'><strong>ca-</strong></span> 
     </span>
     <span class='ocr_line' id='line_1_10' title="bbox 144 1070 1250 1192; baseline 0.005 -69"><span class='ocrx_word' id='word_1_81' title='bbox 144 1070 261 1192; x_wconf 74' lang='lat' dir='ltr'><strong>lebratps</strong></span> <span class='ocrx_word' id='word_1_82' title='bbox 285 1071 442 1141; x_wconf 80' lang='lat' dir='ltr'><strong>Gregorium</strong></span> <span class='ocrx_word' id='word_1_83' title='bbox 462 1073 668 1143; x_wconf 76' lang='lat' dir='ltr'><strong>thaumaturgum</strong></span> <span class='ocrx_word' id='word_1_84' title='bbox 689 1079 718 1127; x_wconf 90' lang='lat' dir='ltr'><strong>et</strong></span> <span class='ocrx_word' id='word_1_85' title='bbox 741 1072 1001 1143; x_wconf 78' lang='lat' dir='ltr'><strong>Hierosolymitsnum</strong></span> <span class='ocrx_word' id='word_1_86' title='bbox 1025 1073 1149 1142; x_wconf 81' lang='lat' dir='ltr'><strong>eyriunn</strong></span> <span class='ocrx_word' id='word_1_87' title='bbox 1171 1073 1250 1128; x_wconf 87' lang='lat' dir='ltr'><strong>alium</strong></span> 
     </span>
     <span class='ocr_line' id='line_1_11' title="bbox 143 1156 297 1198; baseline 0.026 -4"><span class='ocrx_word' id='word_1_88' title='bbox 143 1156 235 1194; x_wconf 83' lang='lat' dir='ltr'><strong>acoess</strong></span> <span class='ocrx_word' id='word_1_89' title='bbox 245 1157 297 1198; x_wconf 86' lang='lat' dir='ltr'><strong>sse.</strong></span> 
     </span>
    </p>
   </div>
   <div class='ocr_carea' id='block_1_4' title="bbox 139 1229 1326 1989">
    <p class='ocr_par' dir='ltr' id='par_1_4' title="bbox 139 1229 1326 1989">
     <span class='ocr_line' id='line_1_12' title="bbox 230 1229 1247 1312; baseline 0.001 -23"><span class='ocrx_word' id='word_1_90' title='bbox 230 1229 296 1289; x_wconf 82' lang='lat' dir='ltr'><strong>ibid.</strong></span> <span class='ocrx_word' id='word_1_91' title='bbox 317 1248 371 1289; x_wconf 86' lang='lat' dir='ltr'><strong>nec</strong></span> <span class='ocrx_word' id='word_1_92' title='bbox 385 1230 477 1290; x_wconf 89' lang='lat' dir='ltr'><strong>minus</strong></span> <span class='ocrx_word' id='word_1_93' title='bbox 488 1236 563 1289; x_wconf 86' lang='lat' dir='ltr'><strong>errat</strong></span> <span class='ocrx_word' id='word_1_94' title='bbox 579 1230 693 1309; x_wconf 87' lang='lat' dir='ltr'><strong>Iunius,</strong></span> <span class='ocrx_word' id='word_1_95' title='bbox 713 1250 776 1290; x_wconf 89' lang='lat' dir='ltr'><strong>cum</strong></span> <span class='ocrx_word' id='word_1_96' title='bbox 786 1231 855 1290; x_wconf 89' lang='lat' dir='ltr'><strong>illud</strong></span> <span class='ocrx_word' id='word_1_97' title='bbox 866 1231 1010 1312; x_wconf 70' lang='grc' dir='ltr'><em>ιἐροιρχοόν</em></span> <span class='ocrx_word' id='word_1_98' title='bbox 1022 1231 1083 1289; x_wconf 89' lang='lat' dir='ltr'><strong>vult</strong></span> <span class='ocrx_word' id='word_1_99' title='bbox 1096 1232 1170 1289; x_wconf 86' lang='lat' dir='ltr'><strong>idem</strong></span> <span class='ocrx_word' id='word_1_100' title='bbox 1183 1251 1247 1290; x_wconf 85' lang='lat' dir='ltr'><strong>esse</strong></span> 
     </span>
     <span class='ocr_line' id='line_1_13' title="bbox 143 1314 1249 1396; baseline 0.005 -25"><span class='ocrx_word' id='word_1_101' title='bbox 143 1314 225 1392; x_wconf 83' lang='lat' dir='ltr'><strong>quod</strong></span> <span class='ocrx_word' id='word_1_102' title='bbox 240 1319 360 1394; x_wconf 82' lang='lat' dir='ltr'><strong>princeps</strong></span> <span class='ocrx_word' id='word_1_103' title='bbox 383 1335 531 1391; x_wconf 81' lang='lat' dir='ltr'><strong>sacrorum,</strong></span> <span class='ocrx_word' id='word_1_104' title='bbox 558 1317 640 1393; x_wconf 84' lang='lat' dir='ltr'><strong>quasi</strong></span> <span class='ocrx_word' id='word_1_105' title='bbox 659 1316 764 1375; x_wconf 87' lang='lat' dir='ltr'><strong>scilicet</strong></span> <span class='ocrx_word' id='word_1_106' title='bbox 784 1318 913 1396; x_wconf 86' lang='lat' dir='ltr'><strong>princeps</strong></span> <span class='ocrx_word' id='word_1_107' title='bbox 927 1336 1070 1376; x_wconf 82' lang='lat' dir='ltr'><strong>sacrorum</strong></span> <span class='ocrx_word' id='word_1_108' title='bbox 1085 1318 1160 1375; x_wconf 85' lang='lat' dir='ltr'><strong>ferat</strong></span> <span class='ocrx_word' id='word_1_109' title='bbox 1177 1318 1249 1376; x_wconf 88' lang='lat' dir='ltr'><strong>illud</strong></span> 
     </span>
     <span class='ocr_line' id='line_1_14' title="bbox 143 1399 1247 1481; baseline 0 -21"><span class='ocrx_word' id='word_1_110' title='bbox 143 1399 283 1460; x_wconf 80' lang='lat' dir='ltr'><strong>vexillum</strong></span> <span class='ocrx_word' id='word_1_111' title='bbox 324 1420 426 1477; x_wconf 84' lang='lat' dir='ltr'><strong>nugae.</strong></span> <span class='ocrx_word' id='word_1_112' title='bbox 470 1420 536 1459; x_wconf 83' lang='lat' dir='ltr'><strong>nam</strong></span> <span class='ocrx_word' id='word_1_113' title='bbox 559 1402 704 1481; x_wconf 75' lang='grc' dir='ltr'><em>ἱεραρχοῑν</em></span> <span class='ocrx_word' id='word_1_114' title='bbox 722 1408 767 1461; x_wconf 86' lang='lat' dir='ltr'><strong>est</strong></span> <span class='ocrx_word' id='word_1_115' title='bbox 787 1404 895 1481; x_wconf 87' lang='lat' dir='ltr'><strong>patrius</strong></span> <span class='ocrx_word' id='word_1_116' title='bbox 919 1422 999 1461; x_wconf 87' lang='lat' dir='ltr'><strong>casus</strong></span> <span class='ocrx_word' id='word_1_117' title='bbox 1018 1404 1125 1461; x_wconf 87' lang='lat' dir='ltr'><strong>numeri</strong></span> <span class='ocrx_word' id='word_1_118' title='bbox 1151 1402 1247 1460; x_wconf 88' lang='lat' dir='ltr'><strong>multi-</strong></span> 
     </span>
     <span class='ocr_line' id='line_1_15' title="bbox 143 1481 1245 1568; baseline 0.002 -25"><span class='ocrx_word' id='word_1_119' title='bbox 143 1485 252 1543; x_wconf 85' lang='lat' dir='ltr'><strong>tudinis</strong></span> <span class='ocrx_word' id='word_1_120' title='bbox 268 1506 286 1545; x_wconf 89' lang='lat' dir='ltr'><strong>a</strong></span> <span class='ocrx_word' id='word_1_121' title='bbox 305 1492 383 1545; x_wconf 85' lang='lat' dir='ltr'><strong>recto</strong></span> <span class='ocrx_word' id='word_1_122' title='bbox 404 1481 560 1568; x_wconf 77' lang='grc' dir='ltr'><strong>λσρᾶρχης,</strong></span> <span class='ocrx_word' id='word_1_123' title='bbox 583 1504 655 1563; x_wconf 88' lang='lat' dir='ltr'><strong>quae</strong></span> <span class='ocrx_word' id='word_1_124' title='bbox 667 1506 722 1545; x_wconf 82' lang='lat' dir='ltr'><strong>vox</strong></span> <span class='ocrx_word' id='word_1_125' title='bbox 738 1488 912 1567; x_wconf 82' lang='lat' dir='ltr'><strong>praesulem,</strong></span> <span class='ocrx_word' id='word_1_126' title='bbox 933 1489 1097 1566; x_wconf 87' lang='lat' dir='ltr'><strong>episcopum</strong></span> <span class='ocrx_word' id='word_1_127' title='bbox 1110 1506 1161 1545; x_wconf 85' lang='lat' dir='ltr'><strong>seu</strong></span> <span class='ocrx_word' id='word_1_128' title='bbox 1171 1507 1245 1567; x_wconf 89' lang='lat' dir='ltr'><strong>pcn-</strong></span> 
     </span>
     <span class='ocr_line' id='line_1_16' title="bbox 143 1567 1244 1653; baseline 0.005 -25"><span class='ocrx_word' id='word_1_129' title='bbox 143 1570 246 1628; x_wconf 86' lang='lat' dir='ltr'><strong>tificem</strong></span> <span class='ocrx_word' id='word_1_130' title='bbox 270 1570 396 1630; x_wconf 87' lang='lat' dir='ltr'><strong>denotat.</strong></span> <span class='ocrx_word' id='word_1_131' title='bbox 440 1567 597 1634; x_wconf 73' lang='grc' dir='ltr'><em>Νικολάου</em></span> <span class='ocrx_word' id='word_1_132' title='bbox 618 1576 674 1633; x_wconf 78' lang='lat' dir='ltr'><strong>rori</strong></span> <span class='ocrx_word' id='word_1_133' title='bbox 692 1568 887 1653; x_wconf 69' lang='grc' dir='ltr'><em>περιωνύμου</em></span> <span class='ocrx_word' id='word_1_134' title='bbox 905 1572 938 1633; x_wconf 83' lang='grc' dir='ltr'><strong>ἒν</strong></span> <span class='ocrx_word' id='word_1_135' title='bbox 955 1570 1105 1652; x_wconf 80' lang='grc' dir='ltr'><em>ἱεράρχοιις</em></span> <span class='ocrx_word' id='word_1_136' title='bbox 1125 1570 1179 1634; x_wconf 78' lang='grc' dir='ltr'><strong>τόν</strong></span> <span class='ocrx_word' id='word_1_137' title='bbox 1193 1594 1244 1634; x_wconf 83' lang='grc' dir='ltr'><strong>πε-</strong></span> 
     </span>
     <span class='ocr_line' id='line_1_17' title="bbox 143 1649 1326 1735; baseline -0.001 -19"><span class='ocrx_word' id='word_1_138' title='bbox 143 1658 272 1734; x_wconf 79' lang='grc' dir='ltr'><em>ρικαλλῆ</em></span> <span class='ocrx_word' id='word_1_139' title='bbox 296 1654 416 1718; x_wconf 78' lang='grc' dir='ltr'><em>τουτονὶ</em></span> <span class='ocrx_word' id='word_1_140' title='bbox 435 1649 529 1733; x_wconf 82' lang='grc' dir='ltr'><em>ναόν,</em></span> <span class='ocrx_word' id='word_1_141' title='bbox 557 1656 650 1733; x_wconf 88' lang='lat' dir='ltr'><strong>inquit</strong></span> <span class='ocrx_word' id='word_1_142' title='bbox 667 1657 814 1715; x_wconf 89' lang='lat' dir='ltr'><strong>Cedrenus</strong></span> <span class='ocrx_word' id='word_1_143' title='bbox 835 1658 865 1714; x_wconf 90' lang='lat' dir='ltr'><strong>in</strong></span> <span class='ocrx_word' id='word_1_144' title='bbox 887 1657 1004 1735; x_wconf 85' lang='lat' dir='ltr'><strong>imperio</strong></span> <span class='ocrx_word' id='word_1_145' title='bbox 1027 1656 1132 1718; x_wconf 83' lang='lat' dir='ltr'><strong>Basilii.</strong></span> <span class='ocrx_word' id='word_1_146' title='bbox 1174 1676 1244 1735; x_wconf 83' lang='lat' dir='ltr'><strong>ergo</strong></span> <span class='ocrx_word' id='word_1_147' title='bbox 1323 1652 1326 1655; x_wconf 39' lang='lat'><strong>⁴</strong></span> 
     </span>
     <span class='ocr_line' id='line_1_18' title="bbox 141 1738 1245 1821; baseline 0.002 -22"><span class='ocrx_word' id='word_1_148' title='bbox 141 1739 283 1799; x_wconf 77' lang='lat' dir='ltr'><strong>hierarcha</strong></span> <span class='ocrx_word' id='word_1_149' title='bbox 300 1740 468 1818; x_wconf 83' lang='lat' dir='ltr'><strong>Cpolitunus</strong></span> <span class='ocrx_word' id='word_1_150' title='bbox 484 1746 545 1801; x_wconf 88' lang='lat' dir='ltr'><strong>erat</strong></span> <span class='ocrx_word' id='word_1_151' title='bbox 566 1740 725 1820; x_wconf 86' lang='lat' dir='ltr'><strong>patriarcha</strong></span> <span class='ocrx_word' id='word_1_152' title='bbox 735 1738 861 1801; x_wconf 82' lang='lat' dir='ltr'><strong>eiusdem</strong></span> <span class='ocrx_word' id='word_1_153' title='bbox 872 1743 965 1819; x_wconf 90' lang='lat' dir='ltr'><strong>urbis,</strong></span> <span class='ocrx_word' id='word_1_154' title='bbox 987 1761 1071 1818; x_wconf 91' lang='lat' dir='ltr'><strong>quem</strong></span> <span class='ocrx_word' id='word_1_155' title='bbox 1084 1743 1245 1821; x_wconf 88' lang='lat' dir='ltr'><strong>imperatori</strong></span> 
     </span>
     <span class='ocr_line' id='line_1_19' title="bbox 140 1824 1247 1906; baseline 0.004 -23"><span class='ocrx_word' id='word_1_156' title='bbox 140 1824 286 1884; x_wconf 88' lang='lat' dir='ltr'><strong>flamulum</strong></span> <span class='ocrx_word' id='word_1_157' title='bbox 298 1844 350 1884; x_wconf 86' lang='lat' dir='ltr'><strong>sen</strong></span> <span class='ocrx_word' id='word_1_158' title='bbox 364 1826 492 1886; x_wconf 84' lang='lat' dir='ltr'><strong>vexillum</strong></span> <span class='ocrx_word' id='word_1_159' title='bbox 504 1832 701 1906; x_wconf 84' lang='lat' dir='ltr'><strong>praeportasse</strong></span> <span class='ocrx_word' id='word_1_160' title='bbox 714 1828 779 1902; x_wconf 84' lang='lat' dir='ltr'><strong>quis</strong></span> <span class='ocrx_word' id='word_1_161' title='bbox 792 1830 907 1906; x_wconf 85' lang='lat' dir='ltr'><strong>credat,</strong></span> <span class='ocrx_word' id='word_1_162' title='bbox 932 1830 990 1892; x_wconf 86' lang='lat' dir='ltr'><strong>¹nisi</strong></span> <span class='ocrx_word' id='word_1_163' title='bbox 1011 1828 1124 1889; x_wconf 82' lang='lat' dir='ltr'><strong>aliunde</strong></span> <span class='ocrx_word' id='word_1_164' title='bbox 1145 1830 1176 1887; x_wconf 89' lang='lat' dir='ltr'><strong>id</strong></span> <span class='ocrx_word' id='word_1_165' title='bbox 1197 1828 1247 1887; x_wconf 80' lang='lat' dir='ltr'><strong>lu-</strong></span> 
     </span>
     <span class='ocr_line' id='line_1_20' title="bbox 139 1910 344 1989; baseline -0.005 -20"><span class='ocrx_word' id='word_1_166' title='bbox 139 1910 204 1969; x_wconf 88' lang='lat' dir='ltr'><strong>nius</strong></span> <span class='ocrx_word' id='word_1_167' title='bbox 219 1910 344 1989; x_wconf 75' lang='lat' dir='ltr'><strong>probati</strong></span> 
     </span>
    </p>
   </div>
   <div class='ocr_carea' id='block_1_5' title="bbox 140 1976 1245 2216">
    <p class='ocr_par' dir='ltr' id='par_1_5' title="bbox 140 1976 1245 2216">
     <span class='ocr_line' id='line_1_21' title="bbox 208 1976 1245 2091; baseline 0.002 -32"><span class='ocrx_word' id='word_1_168' title='bbox 208 2008 249 2091; x_wconf 62' lang='lat' dir='ltr'><strong>ib.</strong></span> <span class='ocrx_word' id='word_1_169' title='bbox 265 2025 292 2061; x_wconf 87' lang='lat' dir='ltr'><strong>v.</strong></span> <span class='ocrx_word' id='word_1_170' title='bbox 311 2008 337 2061; x_wconf 74' lang='lat'><strong>2.</strong></span> <span class='ocrx_word' id='word_1_171' title='bbox 354 2000 540 2091; x_wconf 64' lang='lat' dir='ltr'><strong>durumddrcv]</strong></span> <span class='ocrx_word' id='word_1_172' title='bbox 556 1976 652 2091; x_wconf 74' lang='lat' dir='ltr'><strong>piscem</strong></span> <span class='ocrx_word' id='word_1_173' title='bbox 668 2008 979 2091; x_wconf 72' lang='lat' dir='ltr'><strong>polypodcmhpdiernns</strong></span> <span class='ocrx_word' id='word_1_174' title='bbox 990 2006 1111 2091; x_wconf 63' lang='lat' dir='ltr'><strong>loquendi</strong></span> <span class='ocrx_word' id='word_1_175' title='bbox 1121 2024 1182 2061; x_wconf 83' lang='lat' dir='ltr'><strong>naas</strong></span> <span class='ocrx_word' id='word_1_176' title='bbox 1195 2004 1245 2061; x_wconf 82' lang='lat' dir='ltr'><strong>du-</strong></span> 
     </span>
     <span class='ocr_line' id='line_1_22' title="bbox 140 2072 1244 2131; baseline 0 -2"><span class='ocrx_word' id='word_1_177' title='bbox 140 2075 281 2129; x_wconf 79' lang='grc' dir='ltr'><em>τανιοδιον</em></span> <span class='ocrx_word' id='word_1_178' title='bbox 302 2082 389 2131; x_wconf 85' lang='lat' dir='ltr'><strong>vocat.</strong></span> <span class='ocrx_word' id='word_1_179' title='bbox 422 2077 543 2130; x_wconf 81' lang='lat' dir='ltr'><strong>vexillum</strong></span> <span class='ocrx_word' id='word_1_180' title='bbox 568 2076 628 2129; x_wconf 79' lang='lat' dir='ltr'><strong>illud</strong></span> <span class='ocrx_word' id='word_1_181' title='bbox 650 2078 769 2130; x_wconf 80' lang='lat' dir='ltr'><strong>dissectis</strong></span> <span class='ocrx_word' id='word_1_182' title='bbox 787 2078 883 2129; x_wconf 79' lang='lat' dir='ltr'><strong>hornis</strong></span> <span class='ocrx_word' id='word_1_183' title='bbox 904 2077 1010 2131; x_wconf 85' lang='lat' dir='ltr'><strong>inferrus</strong></span> <span class='ocrx_word' id='word_1_184' title='bbox 1032 2076 1141 2130; x_wconf 86' lang='lat' dir='ltr'><strong>drvrsum</strong></span> <span class='ocrx_word' id='word_1_185' title='bbox 1158 2072 1244 2130; x_wconf 73' lang='lat' dir='ltr'><strong>darci-</strong></span> 
     </span>
     <span class='ocr_line' id='line_1_23' title="bbox 140 2144 1243 2216; baseline 0.001 -19"><span class='ocrx_word' id='word_1_186' title='bbox 140 2146 278 2215; x_wconf 72' lang='grc' dir='ltr'><strong>νλωσσον,</strong></span> <span class='ocrx_word' id='word_1_187' title='bbox 299 2145 505 2216; x_wconf 79' lang='lat' dir='ltr'><strong>polypodamqua</strong></span> <span class='ocrx_word' id='word_1_188' title='bbox 520 2145 639 2200; x_wconf 70' lang='lat' dir='ltr'><strong>scissuris</strong></span> <span class='ocrx_word' id='word_1_189' title='bbox 655 2148 787 2212; x_wconf 79' lang='lat' dir='ltr'><strong>refereris,</strong></span> <span class='ocrx_word' id='word_1_190' title='bbox 809 2144 982 2199; x_wconf 76' lang='grc' dir='ltr'><em>ὀντνποᾶίον</em></span> <span class='ocrx_word' id='word_1_191' title='bbox 998 2162 1091 2199; x_wconf 88' lang='lat' dir='ltr'><strong>nomen</strong></span> <span class='ocrx_word' id='word_1_192' title='bbox 1107 2146 1209 2215; x_wconf 87' lang='lat' dir='ltr'><strong>accepit</strong></span> <span class='ocrx_word' id='word_1_193' title='bbox 1224 2163 1243 2198; x_wconf 83' lang='lat' dir='ltr'><strong>a</strong></span> 
     </span>
    </p>
   </div>
   <div class='ocr_carea' id='block_1_6' title="bbox 137 2212 1242 3061">
    <p class='ocr_par' dir='ltr' id='par_1_6' title="bbox 137 2212 1242 3061">
     <span class='ocr_line' id='line_1_24' title="bbox 140 2212 465 2283; baseline 0 0"><span class='ocrx_word' id='word_1_194' title='bbox 140 2212 229 2283; x_wconf 74' lang='lat' dir='ltr'><strong>vulgo.</strong></span> <span class='ocrx_word' id='word_1_195' title='bbox 463 2260 465 2274; x_wconf 68' lang='grc'><strong>«</strong></span> 
     </span>
     <span class='ocr_line' id='line_1_25' title="bbox 209 2294 1242 2369; baseline -0.001 -16"><span class='ocrx_word' id='word_1_196' title='bbox 209 2300 246 2353; x_wconf 85' lang='lat' dir='ltr'><strong>ib.</strong></span> <span class='ocrx_word' id='word_1_197' title='bbox 263 2316 288 2353; x_wconf 82' lang='lat' dir='ltr'><strong>v.</strong></span> <span class='ocrx_word' id='word_1_198' title='bbox 305 2300 332 2355; x_wconf 85' lang='grc'><strong>8.</strong></span> <span class='ocrx_word' id='word_1_199' title='bbox 352 2294 471 2366; x_wconf 69' lang='lat' dir='ltr'><strong>aracosia</strong></span> <span class='ocrx_word' id='word_1_200' title='bbox 487 2296 556 2369; x_wconf 71' lang='grc' dir='ltr'><strong>ἔχων</strong></span> <span class='ocrx_word' id='word_1_201' title='bbox 572 2294 695 2369; x_wconf 78' lang='grc' dir='ltr'><strong>εἰκόνας]</strong></span> <span class='ocrx_word' id='word_1_202' title='bbox 715 2316 816 2353; x_wconf 89' lang='lat' dir='ltr'><strong>crucem</strong></span> <span class='ocrx_word' id='word_1_203' title='bbox 832 2298 898 2351; x_wconf 87' lang='lat' dir='ltr'><strong>banc</strong></span> <span class='ocrx_word' id='word_1_204' title='bbox 915 2297 941 2350; x_wconf 93' lang='lat' dir='ltr'><strong>in</strong></span> <span class='ocrx_word' id='word_1_205' title='bbox 959 2298 1050 2352; x_wconf 82' lang='lat' dir='ltr'><strong>castris</strong></span> <span class='ocrx_word' id='word_1_206' title='bbox 1066 2303 1095 2351; x_wconf 85' lang='lat' dir='ltr'><strong>et</strong></span> <span class='ocrx_word' id='word_1_207' title='bbox 1111 2298 1242 2353; x_wconf 78' lang='lat' dir='ltr'><strong>conflicti·</strong></span> 
     </span>
     <span class='ocr_line' id='line_1_26' title="bbox 139 2366 1242 2453; baseline -0.001 -30"><span class='ocrx_word' id='word_1_208' title='bbox 139 2368 188 2423; x_wconf 87' lang='lat' dir='ltr'><strong>bus</strong></span> <span class='ocrx_word' id='word_1_209' title='bbox 204 2368 313 2423; x_wconf 77' lang='lat' dir='ltr'><strong>delatam</strong></span> <span class='ocrx_word' id='word_1_210' title='bbox 330 2367 450 2421; x_wconf 89' lang='lat' dir='ltr'><strong>eiusmodi</strong></span> <span class='ocrx_word' id='word_1_211' title='bbox 466 2370 576 2423; x_wconf 78' lang='lat' dir='ltr'><strong>arbitror</strong></span> <span class='ocrx_word' id='word_1_212' title='bbox 591 2370 680 2453; x_wconf 82' lang='lat' dir='ltr'><strong>quales</strong></span> <span class='ocrx_word' id='word_1_213' title='bbox 698 2367 724 2421; x_wconf 91' lang='lat' dir='ltr'><strong>in</strong></span> <span class='ocrx_word' id='word_1_214' title='bbox 742 2368 822 2421; x_wconf 68' lang='lat' dir='ltr'><strong>sacrm</strong></span> <span class='ocrx_word' id='word_1_215' title='bbox 839 2366 1000 2437; x_wconf 76' lang='lat' dir='ltr'><strong>procursibus</strong></span> <span class='ocrx_word' id='word_1_216' title='bbox 1016 2367 1059 2421; x_wconf 84' lang='lat' dir='ltr'><strong>vel</strong></span> <span class='ocrx_word' id='word_1_217' title='bbox 1073 2368 1101 2420; x_wconf 90' lang='lat' dir='ltr'><strong>in</strong></span> <span class='ocrx_word' id='word_1_218' title='bbox 1125 2366 1242 2422; x_wconf 86' lang='lat' dir='ltr'><strong>ecclesiis</strong></span> 
     </span>
     <span class='ocr_line' id='line_1_27' title="bbox 139 2436 1242 2507; baseline -0.002 -16"><span class='ocrx_word' id='word_1_219' title='bbox 139 2437 283 2491; x_wconf 86' lang='lat' dir='ltr'><strong>adorandas</strong></span> <span class='ocrx_word' id='word_1_220' title='bbox 300 2455 340 2490; x_wconf 89' lang='lat' dir='ltr'><strong>me</strong></span> <span class='ocrx_word' id='word_1_221' title='bbox 356 2437 520 2507; x_wconf 79' lang='lat' dir='ltr'><strong>conspexisse</strong></span> <span class='ocrx_word' id='word_1_222' title='bbox 536 2437 645 2491; x_wconf 81' lang='lat' dir='ltr'><strong>memini.</strong></span> <span class='ocrx_word' id='word_1_223' title='bbox 680 2438 784 2505; x_wconf 82' lang='lat' dir='ltr'><strong>ligneae</strong></span> <span class='ocrx_word' id='word_1_224' title='bbox 802 2443 862 2489; x_wconf 88' lang='lat' dir='ltr'><strong>sunt</strong></span> <span class='ocrx_word' id='word_1_225' title='bbox 883 2436 943 2489; x_wconf 85' lang='lat' dir='ltr'><strong>illac</strong></span> <span class='ocrx_word' id='word_1_226' title='bbox 967 2438 1117 2505; x_wconf 80' lang='lat' dir='ltr'><strong>(argenteas</strong></span> <span class='ocrx_word' id='word_1_227' title='bbox 1141 2438 1242 2490; x_wconf 87' lang='lat' dir='ltr'><strong>aureis-</strong></span> 
     </span>
     <span class='ocr_line' id='line_1_28' title="bbox 139 2504 1242 2578; baseline 0 -19"><span class='ocrx_word' id='word_1_228' title='bbox 139 2522 191 2575; x_wconf 84' lang='lat' dir='ltr'><strong>que</strong></span> <span class='ocrx_word' id='word_1_229' title='bbox 207 2507 303 2559; x_wconf 88' lang='lat' dir='ltr'><strong>laminis</strong></span> <span class='ocrx_word' id='word_1_230' title='bbox 318 2514 449 2559; x_wconf 82' lang='lat' dir='ltr'><strong>contectas</strong></span> <span class='ocrx_word' id='word_1_231' title='bbox 465 2508 593 2578; x_wconf 88' lang='lat' dir='ltr'><strong>rapacitas</strong></span> <span class='ocrx_word' id='word_1_232' title='bbox 608 2507 720 2559; x_wconf 85' lang='lat' dir='ltr'><strong>Turcica</strong></span> <span class='ocrx_word' id='word_1_233' title='bbox 737 2504 903 2572; x_wconf 77' lang='lat' dir='ltr'><strong>eliminavit),</strong></span> <span class='ocrx_word' id='word_1_234' title='bbox 919 2510 948 2557; x_wconf 88' lang='lat' dir='ltr'><strong>et</strong></span> <span class='ocrx_word' id='word_1_235' title='bbox 963 2506 996 2559; x_wconf 91' lang='lat' dir='ltr'><strong>ad</strong></span> <span class='ocrx_word' id='word_1_236' title='bbox 1013 2522 1099 2559; x_wconf 83' lang='lat' dir='ltr'><strong>aarum</strong></span> <span class='ocrx_word' id='word_1_237' title='bbox 1112 2513 1242 2559; x_wconf 74' lang='lat' dir='ltr'><strong>extrema</strong></span> 
     </span>
     <span class='ocr_line' id='line_1_29' title="bbox 137 2574 1240 2645; baseline -0.001 -16"><span class='ocrx_word' id='word_1_238' title='bbox 137 2592 224 2629; x_wconf 75' lang='lat' dir='ltr'><strong>mmos</strong></span> <span class='ocrx_word' id='word_1_239' title='bbox 239 2575 356 2645; x_wconf 88' lang='lat' dir='ltr'><strong>quamvis</strong></span> <span class='ocrx_word' id='word_1_240' title='bbox 380 2577 477 2645; x_wconf 85' lang='lat' dir='ltr'><strong>amplos</strong></span> <span class='ocrx_word' id='word_1_241' title='bbox 500 2577 603 2629; x_wconf 87' lang='lat' dir='ltr'><strong>latiores</strong></span> <span class='ocrx_word' id='word_1_242' title='bbox 627 2576 709 2629; x_wconf 87' lang='lat' dir='ltr'><strong>adhuc</strong></span> <span class='ocrx_word' id='word_1_243' title='bbox 733 2575 885 2627; x_wconf 86' lang='lat' dir='ltr'><strong>trifoliorum</strong></span> <span class='ocrx_word' id='word_1_244' title='bbox 908 2574 1009 2642; x_wconf 72' lang='lat' dir='ltr'><strong>figurae</strong></span> <span class='ocrx_word' id='word_1_245' title='bbox 1030 2575 1188 2645; x_wconf 84' lang='lat' dir='ltr'><strong>prominent,</strong></span> <span class='ocrx_word' id='word_1_246' title='bbox 1212 2575 1240 2628; x_wconf 91' lang='lat' dir='ltr'><strong>in</strong></span> 
     </span>
     <span class='ocr_line' id='line_1_30' title="bbox 138 2644 1240 2717; baseline 0 -20"><span class='ocrx_word' id='word_1_247' title='bbox 138 2644 232 2713; x_wconf 83' lang='lat' dir='ltr'><strong>quibus</strong></span> <span class='ocrx_word' id='word_1_248' title='bbox 257 2661 435 2717; x_wconf 88' lang='lat' dir='ltr'><strong>nonnunquam</strong></span> <span class='ocrx_word' id='word_1_249' title='bbox 458 2653 547 2715; x_wconf 78' lang='lat' dir='ltr'><strong>pectrm</strong></span> <span class='ocrx_word' id='word_1_250' title='bbox 571 2652 599 2697; x_wconf 85' lang='lat' dir='ltr'><strong>et</strong></span> <span class='ocrx_word' id='word_1_251' title='bbox 621 2645 701 2697; x_wconf 83' lang='lat' dir='ltr'><strong>iacies</strong></span> <span class='ocrx_word' id='word_1_252' title='bbox 728 2651 849 2713; x_wconf 86' lang='lat' dir='ltr'><strong>quattuor</strong></span> <span class='ocrx_word' id='word_1_253' title='bbox 871 2644 1084 2713; x_wconf 74' lang='lat' dir='ltr'><strong>evangelistarum</strong></span> <span class='ocrx_word' id='word_1_254' title='bbox 1108 2646 1151 2697; x_wconf 87' lang='lat' dir='ltr'><strong>vel</strong></span> <span class='ocrx_word' id='word_1_255' title='bbox 1179 2644 1240 2712; x_wconf 79' lang='lat' dir='ltr'><strong>hinc</strong></span> 
     </span>
     <span class='ocr_line' id='line_1_31' title="bbox 137 2710 1240 2783; baseline 0.001 -18"><span class='ocrx_word' id='word_1_256' title='bbox 137 2712 198 2766; x_wconf 85' lang='lat' dir='ltr'><strong>inde</strong></span> <span class='ocrx_word' id='word_1_257' title='bbox 211 2713 331 2783; x_wconf 87' lang='lat' dir='ltr'><strong>deiparae</strong></span> <span class='ocrx_word' id='word_1_258' title='bbox 349 2720 375 2767; x_wconf 89' lang='lat' dir='ltr'><strong>et</strong></span> <span class='ocrx_word' id='word_1_259' title='bbox 392 2714 420 2766; x_wconf 79' lang='lat' dir='ltr'><strong>S.</strong></span> <span class='ocrx_word' id='word_1_260' title='bbox 437 2714 539 2767; x_wconf 88' lang='lat' dir='ltr'><strong>loannis</strong></span> <span class='ocrx_word' id='word_1_261' title='bbox 556 2714 696 2767; x_wconf 88' lang='lat' dir='ltr'><strong>aliorumve</strong></span> <span class='ocrx_word' id='word_1_262' title='bbox 713 2712 793 2766; x_wconf 86' lang='lat' dir='ltr'><strong>variis</strong></span> <span class='ocrx_word' id='word_1_263' title='bbox 806 2711 946 2779; x_wconf 89' lang='lat' dir='ltr'><strong>coloribus,</strong></span> <span class='ocrx_word' id='word_1_264' title='bbox 969 2714 1096 2765; x_wconf 85' lang='lat' dir='ltr'><strong>delineata</strong></span> <span class='ocrx_word' id='word_1_265' title='bbox 1117 2713 1188 2782; x_wconf 89' lang='lat' dir='ltr'><strong>prins</strong></span> <span class='ocrx_word' id='word_1_266' title='bbox 1210 2710 1240 2766; x_wconf 90' lang='lat' dir='ltr'><strong>in</strong></span> 
     </span>
     <span class='ocr_line' id='line_1_32' title="bbox 138 2770 1239 2852; baseline 0 -17"><span class='ocrx_word' id='word_1_267' title='bbox 138 2783 223 2835; x_wconf 89' lang='lat' dir='ltr'><strong>medio</strong></span> <span class='ocrx_word' id='word_1_268' title='bbox 241 2782 355 2835; x_wconf 84' lang='lat' dir='ltr'><strong>crucifixi</strong></span> <span class='ocrx_word' id='word_1_269' title='bbox 379 2782 480 2852; x_wconf 84' lang='lat' dir='ltr'><strong>specie,</strong></span> <span class='ocrx_word' id='word_1_270' title='bbox 501 2787 646 2836; x_wconf 83' lang='lat' dir='ltr'><strong>exarantur.</strong></span> <span class='ocrx_word' id='word_1_271' title='bbox 682 2782 768 2851; x_wconf 90' lang='lat' dir='ltr'><strong>quidni</strong></span> <span class='ocrx_word' id='word_1_272' title='bbox 784 2781 882 2852; x_wconf 77' lang='lat' dir='ltr'><strong>pariter</strong></span> <span class='ocrx_word' id='word_1_273' title='bbox 898 2770 1012 2844; x_wconf 76' lang='grc' dir='ltr'><em>οὗτοςὸ</em></span> <span class='ocrx_word' id='word_1_274' title='bbox 1031 2777 1151 2850; x_wconf 77' lang='grc' dir='ltr'><strong><em>σταυρὸς</em></strong></span> <span class='ocrx_word' id='word_1_275' title='bbox 1168 2780 1239 2852; x_wconf 74' lang='grc' dir='ltr'><strong>ἔχων</strong></span> 
     </span>
     <span class='ocr_line' id='line_1_33' title="bbox 138 2845 1239 2920; baseline 0.001 -15"><span class='ocrx_word' id='word_1_276' title='bbox 138 2847 183 2920; x_wconf 76' lang='grc' dir='ltr'><strong>(ἐν</strong></span> <span class='ocrx_word' id='word_1_277' title='bbox 199 2856 262 2914; x_wconf 69' lang='grc' dir='ltr'><em>,ταῖς</em></span> <span class='ocrx_word' id='word_1_278' title='bbox 278 2848 398 2919; x_wconf 70' lang='lat' dir='ltr'><strong>dapium)</strong></span> <span class='ocrx_word' id='word_1_279' title='bbox 415 2852 471 2904; x_wconf 76' lang='lat' dir='ltr'><strong>criu</strong></span> <span class='ocrx_word' id='word_1_280' title='bbox 487 2846 575 2920; x_wconf 72' lang='grc' dir='ltr'><em>ἁγίων</em></span> <span class='ocrx_word' id='word_1_281' title='bbox 598 2846 737 2915; x_wconf 74' lang='grc' dir='ltr'><strong>τεσσάρων</strong></span> <span class='ocrx_word' id='word_1_282' title='bbox 762 2847 889 2918; x_wconf 61' lang='grc' dir='ltr'><em>μεγάλων</em></span> <span class='ocrx_word' id='word_1_283' title='bbox 911 2848 1060 2920; x_wconf 73' lang='grc' dir='ltr'><em>μαρτύρων</em></span> <span class='ocrx_word' id='word_1_284' title='bbox 1086 2845 1239 2919; x_wconf 66' lang='grc' dir='ltr'><em>ἐφαίνετος</em></span> 
     </span>
     <span class='ocr_line' id='line_1_34' title="bbox 138 2919 1237 2993; baseline 0.005 -21"><span class='ocrx_word' id='word_1_285' title='bbox 138 2937 241 2973; x_wconf 87' lang='lat' dir='ltr'><strong>crucam</strong></span> <span class='ocrx_word' id='word_1_286' title='bbox 258 2921 358 2989; x_wconf 86' lang='lat' dir='ltr'><strong>qualem</strong></span> <span class='ocrx_word' id='word_1_287' title='bbox 374 2920 416 2973; x_wconf 92' lang='lat' dir='ltr'><strong>bic</strong></span> <span class='ocrx_word' id='word_1_288' title='bbox 429 2937 541 2973; x_wconf 88' lang='lat' dir='ltr'><strong>memoro</strong></span> <span class='ocrx_word' id='word_1_289' title='bbox 557 2921 674 2991; x_wconf 86' lang='lat' dir='ltr'><strong>depictus</strong></span> <span class='ocrx_word' id='word_1_290' title='bbox 690 2921 716 2980; x_wconf 86' lang='lat' dir='ltr'><strong>in</strong></span> <span class='ocrx_word' id='word_1_291' title='bbox 732 2919 849 2973; x_wconf 89' lang='lat' dir='ltr'><strong>iconibus</strong></span> <span class='ocrx_word' id='word_1_292' title='bbox 865 2936 914 2991; x_wconf 88' lang='lat' dir='ltr'><strong>par</strong></span> <span class='ocrx_word' id='word_1_293' title='bbox 929 2920 1011 2975; x_wconf 80' lang='lat' dir='ltr'><strong>bocca</strong></span> <span class='ocrx_word' id='word_1_294' title='bbox 1026 2937 1091 2993; x_wconf 88' lang='lat' dir='ltr'><strong>opus</strong></span> <span class='ocrx_word' id='word_1_295' title='bbox 1104 2919 1198 2975; x_wconf 83' lang='lat' dir='ltr'><strong>Cadini</strong></span> <span class='ocrx_word' id='word_1_296' title='bbox 1208 2926 1237 2977; x_wconf 81' lang='lat' dir='ltr'><strong>et</strong></span> 
     </span>
     <span class='ocr_line' id='line_1_35' title="bbox 138 2989 952 3061; baseline 0.001 -18"><span class='ocrx_word' id='word_1_297' title='bbox 138 2989 195 3043; x_wconf 66' lang='lat' dir='ltr'><strong>dus</strong></span> <span class='ocrx_word' id='word_1_298' title='bbox 211 2990 390 3043; x_wconf 86' lang='lat' dir='ltr'><strong>commentaria</strong></span> <span class='ocrx_word' id='word_1_299' title='bbox 406 2991 503 3060; x_wconf 87' lang='lat' dir='ltr'><strong>sparsis</strong></span> <span class='ocrx_word' id='word_1_300' title='bbox 519 2998 605 3061; x_wconf 79' lang='lat' dir='ltr'><strong>gestat</strong></span> <span class='ocrx_word' id='word_1_301' title='bbox 621 2989 769 3061; x_wconf 89' lang='lat' dir='ltr'><strong>patriarcba</strong></span> <span class='ocrx_word' id='word_1_302' title='bbox 787 2989 843 3044; x_wconf 78' lang='grc' dir='ltr'><strong>ΟΡ.</strong></span> <span class='ocrx_word' id='word_1_303' title='bbox 949 2997 952 3000; x_wconf 84' lang='grc'>’</span> 
     </span>
    </p>
   </div>
   <div class='ocr_carea' id='block_1_7' title="bbox 130 3074 1335 4407">
    <p class='ocr_par' dir='ltr' id='par_1_7' title="bbox 130 3074 1335 4407">
     <span class='ocr_line' id='line_1_36' title="bbox 207 3074 1239 3162; baseline -0.002 -17"><span class='ocrx_word' id='word_1_304' title='bbox 207 3092 274 3147; x_wconf 86' lang='lat' dir='ltr'><strong>ibid.</strong></span> <span class='ocrx_word' id='word_1_305' title='bbox 298 3074 460 3162; x_wconf 66' lang='grc' dir='ltr'><em>Δημήτριον</em></span> <span class='ocrx_word' id='word_1_306' title='bbox 483 3092 647 3161; x_wconf 80' lang='grc' dir='ltr'><em>Προνοιιίον</em></span> <span class='ocrx_word' id='word_1_307' title='bbox 669 3088 718 3149; x_wconf 79' lang='lat' dir='ltr'><strong>uui</strong></span> <span class='ocrx_word' id='word_1_308' title='bbox 744 3085 923 3160; x_wconf 79' lang='grc' dir='ltr'><em>Θεοὸὥρων.]</em></span> <span class='ocrx_word' id='word_1_309' title='bbox 951 3088 1031 3143; x_wconf 85' lang='lat' dir='ltr'><strong>ducas</strong></span> <span class='ocrx_word' id='word_1_310' title='bbox 1054 3090 1133 3145; x_wconf 85' lang='lat' dir='ltr'><strong>armis</strong></span> <span class='ocrx_word' id='word_1_311' title='bbox 1153 3107 1239 3160; x_wconf 83' lang='lat' dir='ltr'><strong>qnon-</strong></span> 
     </span>
     <span class='ocr_line' id='line_1_37' title="bbox 138 3160 1240 3229; baseline -0.001 -16"><span class='ocrx_word' id='word_1_312' title='bbox 138 3160 195 3213; x_wconf 89' lang='lat' dir='ltr'><strong>dam</strong></span> <span class='ocrx_word' id='word_1_313' title='bbox 219 3161 331 3229; x_wconf 86' lang='lat' dir='ltr'><strong>insignes</strong></span> <span class='ocrx_word' id='word_1_314' title='bbox 356 3177 480 3214; x_wconf 88' lang='lat' dir='ltr'><strong>armorum</strong></span> <span class='ocrx_word' id='word_1_315' title='bbox 506 3164 590 3215; x_wconf 87' lang='lat' dir='ltr'><strong>socios</strong></span> <span class='ocrx_word' id='word_1_316' title='bbox 613 3171 640 3215; x_wconf 88' lang='lat' dir='ltr'><strong>et</strong></span> <span class='ocrx_word' id='word_1_317' title='bbox 660 3162 688 3215; x_wconf 91' lang='lat' dir='ltr'><strong>in</strong></span> <span class='ocrx_word' id='word_1_318' title='bbox 708 3162 783 3215; x_wconf 90' lang='lat' dir='ltr'><strong>bellis</strong></span> <span class='ocrx_word' id='word_1_319' title='bbox 807 3166 968 3229; x_wconf 83' lang='lat' dir='ltr'><strong>protectores</strong></span> <span class='ocrx_word' id='word_1_320' title='bbox 991 3160 1086 3213; x_wconf 89' lang='lat' dir='ltr'><strong>Oriens</strong></span> <span class='ocrx_word' id='word_1_321' title='bbox 1103 3160 1240 3212; x_wconf 86' lang='lat' dir='ltr'><strong>invocabat</strong></span> 
     </span>
     <span class='ocr_line' id='line_1_38' title="bbox 137 3225 1238 3300; baseline -0.003 -17"><span class='ocrx_word' id='word_1_322' title='bbox 137 3229 310 3296; x_wconf 86' lang='lat' dir='ltr'><strong>Demetrium,</strong></span> <span class='ocrx_word' id='word_1_323' title='bbox 330 3230 498 3300; x_wconf 82' lang='lat' dir='ltr'><strong>Procopium,</strong></span> <span class='ocrx_word' id='word_1_324' title='bbox 521 3231 709 3299; x_wconf 62' lang='grc' dir='ltr'><em>καλλινίκους,</em></span> <span class='ocrx_word' id='word_1_325' title='bbox 733 3237 762 3285; x_wconf 93' lang='lat' dir='ltr'><strong>et</strong></span> <span class='ocrx_word' id='word_1_326' title='bbox 780 3225 958 3295; x_wconf 76' lang='grc' dir='ltr'><em>Θεοδώροος,</em></span> <span class='ocrx_word' id='word_1_327' title='bbox 983 3229 1103 3281; x_wconf 76' lang='lat' dir='ltr'><strong>cedreno</strong></span> <span class='ocrx_word' id='word_1_328' title='bbox 1120 3230 1148 3280; x_wconf 93' lang='lat' dir='ltr'><strong>in</strong></span> <span class='ocrx_word' id='word_1_329' title='bbox 1165 3229 1238 3280; x_wconf 81' lang='lat' dir='ltr'><strong>Tria-</strong></span> 
     </span>
     <span class='ocr_line' id='line_1_39' title="bbox 137 3297 1239 3367; baseline -0.004 -15"><span class='ocrx_word' id='word_1_330' title='bbox 137 3303 216 3352; x_wconf 88' lang='lat' dir='ltr'><strong>misce</strong></span> <span class='ocrx_word' id='word_1_331' title='bbox 238 3298 325 3351; x_wconf 86' lang='lat' dir='ltr'><strong>ducem</strong></span> <span class='ocrx_word' id='word_1_332' title='bbox 351 3316 426 3353; x_wconf 89' lang='lat' dir='ltr'><strong>unum</strong></span> <span class='ocrx_word' id='word_1_333' title='bbox 453 3308 479 3352; x_wconf 90' lang='lat' dir='ltr'><strong>et</strong></span> <span class='ocrx_word' id='word_1_334' title='bbox 503 3299 578 3353; x_wconf 90' lang='lat' dir='ltr'><strong>alium</strong></span> <span class='ocrx_word' id='word_1_335' title='bbox 605 3300 711 3353; x_wconf 86' lang='lat' dir='ltr'><strong>tironem</strong></span> <span class='ocrx_word' id='word_1_336' title='bbox 736 3299 827 3352; x_wconf 84' lang='lat' dir='ltr'><strong>dictos.</strong></span> <span class='ocrx_word' id='word_1_337' title='bbox 862 3298 958 3367; x_wconf 88' lang='lat' dir='ltr'><strong>primns</strong></span> <span class='ocrx_word' id='word_1_338' title='bbox 980 3297 1126 3351; x_wconf 83' lang='lat' dir='ltr'><strong>Demetrius</strong></span> <span class='ocrx_word' id='word_1_339' title='bbox 1147 3299 1239 3364; x_wconf 79' lang='grc' dir='ltr'><em>φλοιρι·</em></span> 
     </span>
     <span class='ocr_line' id='line_1_40' title="bbox 135 3365 1238 3438; baseline -0.005 -15"><span class='ocrx_word' id='word_1_340' title='bbox 135 3365 283 3437; x_wconf 68' lang='lat' dir='ltr'><strong>maccolum</strong></span> <span class='ocrx_word' id='word_1_341' title='bbox 303 3384 335 3420; x_wconf 85' lang='lat' dir='ltr'><strong>ao</strong></span> <span class='ocrx_word' id='word_1_342' title='bbox 354 3385 461 3438; x_wconf 83' lang='lat' dir='ltr'><strong>praeses</strong></span> <span class='ocrx_word' id='word_1_343' title='bbox 484 3368 634 3425; x_wconf 78' lang='lat' dir='ltr'><strong>Thessaliae</strong></span> <span class='ocrx_word' id='word_1_344' title='bbox 659 3370 706 3423; x_wconf 86' lang='lat' dir='ltr'><strong>sub</strong></span> <span class='ocrx_word' id='word_1_345' title='bbox 729 3367 884 3423; x_wconf 81' lang='lat' dir='ltr'><strong>Maximiano</strong></span> <span class='ocrx_word' id='word_1_346' title='bbox 900 3371 999 3431; x_wconf 79' lang='lat' dir='ltr'><strong>martyr</strong></span> <span class='ocrx_word' id='word_1_347' title='bbox 1015 3366 1080 3418; x_wconf 88' lang='lat' dir='ltr'><strong>obiit</strong></span> <span class='ocrx_word' id='word_1_348' title='bbox 1096 3365 1238 3419; x_wconf 66' lang='lat' dir='ltr'><strong>messma-</strong></span> 
     </span>
     <span class='ocr_line' id='line_1_41' title="bbox 136 3434 1237 3507; baseline -0.003 -15"><span class='ocrx_word' id='word_1_349' title='bbox 136 3435 225 3501; x_wconf 83' lang='lat' dir='ltr'><strong>uicae‚</strong></span> <span class='ocrx_word' id='word_1_350' title='bbox 246 3436 291 3489; x_wconf 92' lang='lat' dir='ltr'><strong>nbi</strong></span> <span class='ocrx_word' id='word_1_351' title='bbox 315 3454 361 3490; x_wconf 88' lang='lat' dir='ltr'><strong>cor</strong></span> <span class='ocrx_word' id='word_1_352' title='bbox 380 3452 408 3489; x_wconf 89' lang='lat' dir='ltr'><strong>us</strong></span> <span class='ocrx_word' id='word_1_353' title='bbox 427 3439 483 3491; x_wconf 88' lang='lat' dir='ltr'><strong>eius</strong></span> <span class='ocrx_word' id='word_1_354' title='bbox 501 3454 575 3491; x_wconf 84' lang='lat' dir='ltr'><strong>sacro</strong></span> <span class='ocrx_word' id='word_1_355' title='bbox 593 3440 696 3507; x_wconf 86' lang='lat' dir='ltr'><strong>liquore</strong></span> <span class='ocrx_word' id='word_1_356' title='bbox 712 3436 844 3491; x_wconf 86' lang='lat' dir='ltr'><strong>exundans</strong></span> <span class='ocrx_word' id='word_1_357' title='bbox 861 3434 992 3504; x_wconf 82' lang='lat' dir='ltr'><strong>perpetuis</strong></span> <span class='ocrx_word' id='word_1_358' title='bbox 1008 3451 1110 3503; x_wconf 87' lang='lat' dir='ltr'><strong>qnoque</strong></span> <span class='ocrx_word' id='word_1_359' title='bbox 1127 3434 1237 3489; x_wconf 86' lang='lat' dir='ltr'><strong>miracu-</strong></span> 
     </span>
     <span class='ocr_line' id='line_1_42' title="bbox 135 3454 1237 3587; baseline -0.003 -28"><span class='ocrx_word' id='word_1_360' title='bbox 135 3505 217 3561; x_wconf 83' lang='lat' dir='ltr'><strong>lorum</strong></span> <span class='ocrx_word' id='word_1_361' title='bbox 233 3505 339 3559; x_wconf 82' lang='lat' dir='ltr'><strong>scaturit</strong></span> <span class='ocrx_word' id='word_1_362' title='bbox 352 3454 464 3562; x_wconf 67' lang='lat' dir='ltr'><strong>liuantis.</strong></span> <span class='ocrx_word' id='word_1_363' title='bbox 500 3524 516 3561; x_wconf 93' lang='lat' dir='ltr'><strong>a</strong></span> <span class='ocrx_word' id='word_1_364' title='bbox 532 3506 685 3579; x_wconf 83' lang='lat' dir='ltr'><strong>proiecturis</strong></span> <span class='ocrx_word' id='word_1_365' title='bbox 703 3507 730 3559; x_wconf 92' lang='lat' dir='ltr'><strong>in</strong></span> <span class='ocrx_word' id='word_1_366' title='bbox 747 3504 870 3577; x_wconf 91' lang='lat' dir='ltr'><strong>praelium</strong></span> <span class='ocrx_word' id='word_1_367' title='bbox 886 3504 1034 3569; x_wconf 88' lang='lat' dir='ltr'><strong>invocatur,</strong></span> <span class='ocrx_word' id='word_1_368' title='bbox 1058 3520 1158 3587; x_wconf 71' lang='lat' dir='ltr'><strong>suoque</strong></span> <span class='ocrx_word' id='word_1_369' title='bbox 1180 3504 1237 3556; x_wconf 89' lang='lat' dir='ltr'><strong>bel-</strong></span> 
     </span>
     <span class='ocr_line' id='line_1_43' title="bbox 135 3572 1238 3641; baseline -0.002 -13"><span class='ocrx_word' id='word_1_370' title='bbox 135 3576 219 3629; x_wconf 86' lang='lat' dir='ltr'><strong>lantes</strong></span> <span class='ocrx_word' id='word_1_371' title='bbox 235 3576 339 3628; x_wconf 88' lang='lat' dir='ltr'><strong>adiuvat</strong></span> <span class='ocrx_word' id='word_1_372' title='bbox 379 3576 502 3641; x_wconf 77' lang='lat' dir='ltr'><strong>raesidi03</strong></span> <span class='ocrx_word' id='word_1_373' title='bbox 527 3594 576 3629; x_wconf 90' lang='lat' dir='ltr'><strong>nec</strong></span> <span class='ocrx_word' id='word_1_374' title='bbox 593 3576 620 3629; x_wconf 91' lang='lat' dir='ltr'><strong>in</strong></span> <span class='ocrx_word' id='word_1_375' title='bbox 638 3576 740 3628; x_wconf 90' lang='lat' dir='ltr'><strong>dubium</strong></span> <span class='ocrx_word' id='word_1_376' title='bbox 756 3578 896 3629; x_wconf 88' lang='lat' dir='ltr'><strong>revocatur</strong></span> <span class='ocrx_word' id='word_1_377' title='bbox 912 3572 981 3641; x_wconf 81' lang='lat' dir='ltr'><strong>quod</strong></span> <span class='ocrx_word' id='word_1_378' title='bbox 997 3572 1238 3630; x_wconf 79' lang='lat' dir='ltr'><strong>Thessalonicensi-</strong></span> 
     </span>
     <span class='ocr_line' id='line_1_44' title="bbox 136 3592 1237 3714; baseline -0.002 -17"><span class='ocrx_word' id='word_1_379' title='bbox 136 3645 184 3697; x_wconf 88' lang='lat' dir='ltr'><strong>bus</strong></span> <span class='ocrx_word' id='word_1_380' title='bbox 200 3645 333 3698; x_wconf 87' lang='lat' dir='ltr'><strong>obsidione</strong></span> <span class='ocrx_word' id='word_1_381' title='bbox 348 3592 381 3697; x_wconf 52' lang='grc' dir='ltr'><strong>οἱ</strong></span> <span class='ocrx_word' id='word_1_382' title='bbox 398 3646 518 3699; x_wconf 82' lang='lat' dir='ltr'><strong>Alusiano</strong></span> <span class='ocrx_word' id='word_1_383' title='bbox 535 3646 703 3714; x_wconf 86' lang='lat' dir='ltr'><strong>Bulgarorum</strong></span> <span class='ocrx_word' id='word_1_384' title='bbox 721 3642 813 3699; x_wconf 84' lang='lat' dir='ltr'><strong>cinctis</strong></span> <span class='ocrx_word' id='word_1_385' title='bbox 829 3648 1011 3710; x_wconf 76' lang='lat' dir='ltr'><strong>unguentoque</strong></span> <span class='ocrx_word' id='word_1_386' title='bbox 1027 3642 1061 3694; x_wconf 88' lang='lat' dir='ltr'><strong>ab</strong></span> <span class='ocrx_word' id='word_1_387' title='bbox 1078 3642 1135 3695; x_wconf 65' lang='lat' dir='ltr'><strong>dos</strong></span> <span class='ocrx_word' id='word_1_388' title='bbox 1150 3644 1237 3711; x_wconf 86' lang='lat' dir='ltr'><strong>sepul·</strong></span> 
     </span>
     <span class='ocr_line' id='line_1_45' title="bbox 135 3711 1239 3778; baseline -0.002 -11"><span class='ocrx_word' id='word_1_389' title='bbox 135 3730 182 3767; x_wconf 86' lang='lat' dir='ltr'><strong>cro</strong></span> <span class='ocrx_word' id='word_1_390' title='bbox 198 3721 330 3767; x_wconf 85' lang='lat' dir='ltr'><strong>emanante</strong></span> <span class='ocrx_word' id='word_1_391' title='bbox 345 3714 428 3767; x_wconf 72' lang='lat' dir='ltr'><strong>uncus</strong></span> <span class='ocrx_word' id='word_1_392' title='bbox 445 3715 562 3767; x_wconf 83' lang='lat' dir='ltr'><strong>contulit.</strong></span> <span class='ocrx_word' id='word_1_393' title='bbox 597 3716 727 3767; x_wconf 82' lang='lat' dir='ltr'><strong>Romanae</strong></span> <span class='ocrx_word' id='word_1_394' title='bbox 749 3712 814 3766; x_wconf 87' lang='lat' dir='ltr'><strong>aciei</strong></span> <span class='ocrx_word' id='word_1_395' title='bbox 830 3712 881 3765; x_wconf 85' lang='lat' dir='ltr'><strong>init</strong></span> <span class='ocrx_word' id='word_1_396' title='bbox 896 3711 1066 3778; x_wconf 75' lang='lat' dir='ltr'><strong>dnsmartyr</strong></span> <span class='ocrx_word' id='word_1_397' title='bbox 1082 3712 1239 3772; x_wconf 80' lang='lat' dir='ltr'><strong>Demetrius.</strong></span> 
     </span>
     <span class='ocr_line' id='line_1_46' title="bbox 136 3779 1237 3867; baseline -0.003 -29"><span class='ocrx_word' id='word_1_398' title='bbox 136 3780 175 3838; x_wconf 86' lang='lat' dir='ltr'><strong>ait</strong></span> <span class='ocrx_word' id='word_1_399' title='bbox 191 3783 324 3867; x_wconf 54' lang='lat' dir='ltr'><strong>§adp-enus</strong></span> <span class='ocrx_word' id='word_1_400' title='bbox 341 3783 367 3835; x_wconf 90' lang='lat' dir='ltr'><strong>in</strong></span> <span class='ocrx_word' id='word_1_401' title='bbox 384 3782 512 3851; x_wconf 82' lang='lat' dir='ltr'><strong>Michaele</strong></span> <span class='ocrx_word' id='word_1_402' title='bbox 528 3784 709 3867; x_wconf 69' lang='lat' dir='ltr'><strong>Paphlagonia,</strong></span> <span class='ocrx_word' id='word_1_403' title='bbox 725 3783 827 3865; x_wconf 72' lang='lat' dir='ltr'><strong>iterque</strong></span> <span class='ocrx_word' id='word_1_404' title='bbox 839 3780 1026 3865; x_wconf 75' lang='lat' dir='ltr'><strong>complanavit,</strong></span> <span class='ocrx_word' id='word_1_405' title='bbox 1044 3779 1113 3864; x_wconf 81' lang='lat' dir='ltr'><strong>quod</strong></span> <span class='ocrx_word' id='word_1_406' title='bbox 1130 3781 1237 3864; x_wconf 70' lang='lat' dir='ltr'><strong>bulgari</strong></span> 
     </span>
     <span class='ocr_line' id='line_1_47' title="bbox 135 3852 1235 3993; baseline -0.018 -2"><span class='ocrx_word' id='word_1_407' title='bbox 135 3852 602 3993; x_wconf 55' lang='lat' dir='ltr'><strong>rusucurium&amp;</strong></span> <span class='ocrx_word' id='word_1_408' title='bbox 616 3852 1027 3993; x_wconf 63' lang='lat' dir='ltr'><strong>uestimentum</strong></span> <span class='ocrx_word' id='word_1_409' title='bbox 1042 3857 1171 3972; x_wconf 72' lang='lat' dir='ltr'><strong>:curu</strong></span> <span class='ocrx_word' id='word_1_410' title='bbox 1184 3868 1235 3972; x_wconf 75' lang='lat' dir='ltr'><strong>u</strong></span> 
     </span>
     <span class='ocr_line' id='line_1_48' title="bbox 135 3987 1234 4059; baseline -0.004 -16"><span class='ocrx_word' id='word_1_411' title='bbox 135 3996 200 4045; x_wconf 85' lang='lat' dir='ltr'><strong>stes.</strong></span> <span class='ocrx_word' id='word_1_412' title='bbox 233 3991 297 4043; x_wconf 83' lang='lat' dir='ltr'><strong>alter</strong></span> <span class='ocrx_word' id='word_1_413' title='bbox 321 3991 461 4059; x_wconf 84' lang='lat' dir='ltr'><strong>Procopius</strong></span> <span class='ocrx_word' id='word_1_414' title='bbox 479 3988 566 4043; x_wconf 88' lang='lat' dir='ltr'><strong>militia</strong></span> <span class='ocrx_word' id='word_1_415' title='bbox 584 3991 667 4044; x_wconf 89' lang='lat' dir='ltr'><strong>clarus</strong></span> <span class='ocrx_word' id='word_1_416' title='bbox 684 3990 736 4043; x_wconf 85' lang='lat' dir='ltr'><strong>dux</strong></span> <span class='ocrx_word' id='word_1_417' title='bbox 753 3988 924 4043; x_wconf 75' lang='lat' dir='ltr'><strong>Alexandriae</strong></span> <span class='ocrx_word' id='word_1_418' title='bbox 942 3987 1004 4052; x_wconf 86' lang='lat' dir='ltr'><strong>ioit,</strong></span> <span class='ocrx_word' id='word_1_419' title='bbox 1027 3993 1057 4039; x_wconf 89' lang='lat' dir='ltr'><strong>nt</strong></span> <span class='ocrx_word' id='word_1_420' title='bbox 1078 3988 1166 4041; x_wconf 84' lang='lat' dir='ltr'><strong>verbis</strong></span> <span class='ocrx_word' id='word_1_421' title='bbox 1188 3988 1234 4040; x_wconf 84' lang='lat' dir='ltr'><strong>iis-</strong></span> 
     </span>
     <span class='ocr_line' id='line_1_49' title="bbox 132 4052 1335 4130; baseline -0.002 -19"><span class='ocrx_word' id='word_1_422' title='bbox 132 4058 231 4113; x_wconf 72' lang='lat' dir='ltr'><strong>demS</strong></span> <span class='ocrx_word' id='word_1_423' title='bbox 250 4060 371 4113; x_wconf 73' lang='lat' dir='ltr'><strong>sasamon</strong></span> <span class='ocrx_word' id='word_1_424' title='bbox 389 4059 484 4113; x_wconf 88' lang='lat' dir='ltr'><strong>arserit</strong></span> <span class='ocrx_word' id='word_1_425' title='bbox 500 4060 558 4113; x_wconf 90' lang='lat' dir='ltr'><strong>lulil</strong></span> <span class='ocrx_word' id='word_1_426' title='bbox 574 4064 605 4115; x_wconf 76' lang='lat'><strong>8:</strong></span> <span class='ocrx_word' id='word_1_427' title='bbox 628 4058 734 4130; x_wconf 72' lang='grc' dir='ltr'><em>χαίροις</em></span> <span class='ocrx_word' id='word_1_428' title='bbox 755 4053 904 4127; x_wconf 72' lang='grc' dir='ltr'><em>μαρτύριον</em></span> <span class='ocrx_word' id='word_1_429' title='bbox 926 4052 1071 4125; x_wconf 73' lang='grc' dir='ltr'><strong>καύχημα,</strong></span> <span class='ocrx_word' id='word_1_430' title='bbox 1099 4052 1234 4127; x_wconf 77' lang='grc' dir='ltr'><strong>βασιλέων</strong></span> <span class='ocrx_word' id='word_1_431' title='bbox 1331 4120 1335 4125; x_wconf 20' lang='grc' dir='ltr'>ι</span> 
     </span>
     <span class='ocr_line' id='line_1_50' title="bbox 132 4078 1232 4197; baseline -0.003 -17"><span class='ocrx_word' id='word_1_432' title='bbox 132 4078 296 4197; x_wconf 58' lang='lat' dir='ltr'><strong>apocalama</strong></span> <span class='ocrx_word' id='word_1_433' title='bbox 315 4128 385 4181; x_wconf 87' lang='lat' dir='ltr'><strong>canit</strong></span> <span class='ocrx_word' id='word_1_434' title='bbox 401 4129 457 4182; x_wconf 88' lang='lat' dir='ltr'><strong>eius</strong></span> <span class='ocrx_word' id='word_1_435' title='bbox 474 4130 540 4181; x_wconf 86' lang='lat' dir='ltr'><strong>festo</strong></span> <span class='ocrx_word' id='word_1_436' title='bbox 558 4128 666 4183; x_wconf 84' lang='lat' dir='ltr'><strong>ecclesia</strong></span> <span class='ocrx_word' id='word_1_437' title='bbox 683 4130 796 4181; x_wconf 84' lang='lat' dir='ltr'><strong>Graeca.</strong></span> <span class='ocrx_word' id='word_1_438' title='bbox 830 4127 920 4181; x_wconf 85' lang='lat' dir='ltr'><strong>tertius</strong></span> <span class='ocrx_word' id='word_1_439' title='bbox 932 4126 1232 4187; x_wconf 76' lang='lat' dir='ltr'><strong>fuit‘l&#39;heodorusorocr-</strong></span> 
     </span>
     <span class='ocr_line' id='line_1_51' title="bbox 131 4192 1231 4269; baseline -0.006 -19"><span class='ocrx_word' id='word_1_440' title='bbox 131 4193 270 4267; x_wconf 72' lang='grc' dir='ltr'><em>τηλοὶτης,</em></span> <span class='ocrx_word' id='word_1_441' title='bbox 285 4200 400 4267; x_wconf 74' lang='lat' dir='ltr'><strong>equiturn</strong></span> <span class='ocrx_word' id='word_1_442' title='bbox 416 4199 544 4269; x_wconf 69' lang='lat' dir='ltr'><strong>magices</strong></span> <span class='ocrx_word' id='word_1_443' title='bbox 562 4200 609 4251; x_wconf 87' lang='lat' dir='ltr'><strong>sub</strong></span> <span class='ocrx_word' id='word_1_444' title='bbox 626 4198 739 4263; x_wconf 79' lang='lat' dir='ltr'><strong>Licinio,</strong></span> <span class='ocrx_word' id='word_1_445' title='bbox 757 4215 774 4249; x_wconf 90' lang='lat' dir='ltr'><strong>a</strong></span> <span class='ocrx_word' id='word_1_446' title='bbox 790 4213 841 4266; x_wconf 89' lang='lat' dir='ltr'><strong>quo</strong></span> <span class='ocrx_word' id='word_1_447' title='bbox 860 4204 966 4248; x_wconf 87' lang='lat' dir='ltr'><strong>mortem</strong></span> <span class='ocrx_word' id='word_1_448' title='bbox 982 4194 1081 4247; x_wconf 88' lang='lat' dir='ltr'><strong>illatam</strong></span> <span class='ocrx_word' id='word_1_449' title='bbox 1097 4192 1231 4245; x_wconf 82' lang='lat' dir='ltr'><strong>sustinuit:</strong></span> 
     </span>
     <span class='ocr_line' id='line_1_52' title="bbox 131 4261 1232 4338; baseline -0.005 -20"><span class='ocrx_word' id='word_1_450' title='bbox 131 4266 193 4319; x_wconf 84' lang='lat' dir='ltr'><strong>exin</strong></span> <span class='ocrx_word' id='word_1_451' title='bbox 210 4266 380 4319; x_wconf 88' lang='lat' dir='ltr'><strong>Romanorum</strong></span> <span class='ocrx_word' id='word_1_452' title='bbox 399 4268 475 4321; x_wconf 85' lang='lat' dir='ltr'><strong>armis</strong></span> <span class='ocrx_word' id='word_1_453' title='bbox 493 4268 582 4320; x_wconf 80' lang='lat' dir='ltr'><strong>favere</strong></span> <span class='ocrx_word' id='word_1_454' title='bbox 596 4268 682 4338; x_wconf 89' lang='lat' dir='ltr'><strong>coepit</strong></span> <span class='ocrx_word' id='word_1_455' title='bbox 699 4286 714 4320; x_wconf 87' lang='lat' dir='ltr'><strong>c</strong></span> <span class='ocrx_word' id='word_1_456' title='bbox 732 4265 820 4328; x_wconf 88' lang='lat' dir='ltr'><strong>coelo,</strong></span> <span class='ocrx_word' id='word_1_457' title='bbox 846 4281 878 4316; x_wconf 89' lang='lat' dir='ltr'><strong>ac</strong></span> <span class='ocrx_word' id='word_1_458' title='bbox 896 4261 997 4316; x_wconf 88' lang='lat' dir='ltr'><strong>loannis</strong></span> <span class='ocrx_word' id='word_1_459' title='bbox 1012 4261 1148 4315; x_wconf 76' lang='lat' dir='ltr'><strong>Trimiscis</strong></span> <span class='ocrx_word' id='word_1_460' title='bbox 1165 4268 1232 4313; x_wconf 89' lang='lat' dir='ltr'><strong>tem-</strong></span> 
     </span>
     <span class='ocr_line' id='line_1_53' title="bbox 130 4328 1234 4407; baseline -0.003 -19"><span class='ocrx_word' id='word_1_461' title='bbox 130 4350 198 4406; x_wconf 89' lang='lat' dir='ltr'><strong>pore</strong></span> <span class='ocrx_word' id='word_1_462' title='bbox 214 4342 301 4389; x_wconf 75' lang='lat' dir='ltr'><strong>motae</strong></span> <span class='ocrx_word' id='word_1_463' title='bbox 319 4336 473 4405; x_wconf 80' lang='lat' dir='ltr'><strong>Scytharum</strong></span> <span class='ocrx_word' id='word_1_464' title='bbox 487 4337 514 4390; x_wconf 91' lang='lat' dir='ltr'><strong>in</strong></span> <span class='ocrx_word' id='word_1_465' title='bbox 532 4338 648 4391; x_wconf 81' lang='lat' dir='ltr'><strong>Graecos</strong></span> <span class='ocrx_word' id='word_1_466' title='bbox 665 4334 843 4407; x_wconf 82' lang='lat' dir='ltr'><strong>praeliantium</strong></span> <span class='ocrx_word' id='word_1_467' title='bbox 859 4331 956 4403; x_wconf 78' lang='lat' dir='ltr'><strong>stragis</strong></span> <span class='ocrx_word' id='word_1_468' title='bbox 971 4336 1063 4386; x_wconf 73' lang='lat' dir='ltr'><strong>motor</strong></span> <span class='ocrx_word' id='word_1_469' title='bbox 1078 4330 1145 4397; x_wconf 78' lang='lat' dir='ltr'><strong>snit,</strong></span> <span class='ocrx_word' id='word_1_470' title='bbox 1161 4336 1192 4384; x_wconf 88' lang='lat' dir='ltr'><strong>ut</strong></span> <span class='ocrx_word' id='word_1_471' title='bbox 1206 4328 1234 4383; x_wconf 81' lang='lat' dir='ltr'><strong>cl</strong></span> 
     </span>
    </p>
   </div>
   <div class='ocr_carea' id='block_1_8' title="bbox 0 0 1542 4867">
    <p class='ocr_par' dir='ltr' id='par_1_8' title="bbox 0 0 1542 4867">
     <span class='ocr_line' id='line_1_54' title="bbox 0 0 1542 4867; baseline 0 4"><span class='ocrx_word' id='word_1_472' title='bbox 0 0 1542 4867; x_wconf 95' lang='lat' dir='ltr'><strong> </strong></span> 
     </span>
    </p>
   </div>
  </div>
 </body>
</html>
