3075 4867
234 1186 238 1197 .
352 1042 1257 1235 P.1AGOB·1GRETSER1

613 1364 1005 1443 PROOEMIUM.

719 1626 924 1643 *Ἣ

229 1885 237 1912 ι
261 1811 358 1917 Ante
370 1852 478 1931 viginti,
497 1858 528 1910 et
544 1851 622 1929 quod
636 1853 765 1933 excurrit,
785 1875 875 1917 annos
887 1858 1006 1918 libenter
1018 1865 1049 1919 et
1062 1859 1209 1937 diligenter
1228 1856 1357 1937 legebam

259 1958 381 2019 libellum
409 1956 524 2033 Georgii
543 1954 647 2014 Corlini
673 1955 709 2013 de
731 1955 836 2033 Officiis
853 1965 880 2018 ct
905 1960 1073 2037 officialibus
1094 1980 1210 2037 magnae
1235 1960 1358 2019 cretatae

261 2057 287 2120 el
311 2061 401 2129 aulae,
416 2058 580 2139 (ipolitum.
632 2055 792 2117 testimonio
814 2078 876 2118 esse
903 2068 1023 2138 possunt
1040 2069 1124 2122 notae
1148 2062 1186 2120 ad
1205 2062 1358 2121 secundum

261 2169 369 2222 tomum
388 2163 424 2220 de
448 2162 478 2218 S.
495 2161 603 2237 Cruce,
630 2164 660 2217 et
680 2164 765 2217 uotae
783 2160 821 2218 ad
834 2163 974 2222 Codinum
994 2184 1057 2225 cum
1072 2163 1178 2225 Ethicis
1188 2161 1292 2221 Mureti
1305 2182 1359 2240 pn-

260 2262 395 2339 hlicatae,
426 2268 456 2321 et
475 2259 579 2320 Facula
592 2258 703 2319 Codino
721 2278 852 2341 accensa,
880 2265 1012 2343 evulgata
1032 2286 1095 2326 cum
1114 2265 1238 2325 eiusdem
1253 2263 1359 2323 Mureti

259 2368 291 2425 in
308 2367 439 2427 Tacitum
453 2362 676 2441 Commentariis,
694 2353 828 2423 consultis
842 2373 872 2426 et
892 2388 955 2426 cum
974 2370 1097 2429 editione
1115 2367 1232 2426 Iuniana
1251 2364 1358 2423 collatis

260 2469 351 2527 tribus
374 2467 480 2527 calamo
501 2464 620 2523 exaratis
641 2466 859 2547 exemplaribus,
879 2470 989 2529 duobus
1002 2470 1130 2529 nimirum
1142 2468 1244 2528 Boicae
1259 2466 1360 2527 biblio-

227 2587 232 2596 ·
260 2571 368 2644 thecae,
387 2568 472 2627 tertio
486 2562 698 2625 Lautheiianae.

346 2672 472 2749 Saepea
492 2688 536 2727 me
552 2670 693 2746 petierunt
710 2669 762 2727 viri
778 2671 854 2733 docti
870 2679 905 2733 at
923 2672 1065 2732 Codinum
1087 2672 1124 2730 de
1141 2672 1359 2750 integro-inter-

223 2772 230 2784 ”
263 2784 396 2855 preterer.
437 2771 592 2850 paruissem
614 2770 670 2830 iam
694 2772 821 2852 dudum,
848 2777 873 2834 si
896 2793 948 2856 per
969 2773 1037 2833 alias
1058 2776 1270 2853 occupationes,
1301 2792 1360 2850 qua

264 2877 389 2957 publicas
410 2876 440 2932 in
457 2870 559 2932 scholis
576 2889 633 2947 qua
650 2873 774 2950 privatas
791 2851 882 2955 donii,
907 2876 1038 2936 licuisset
1078 2896 1154 2934 nunc
1176 2897 1239 2935 cum
1260 2895 1361 2955 perpe-

265 2988 331 3037 tuus
349 2976 447 3055 capitis
473 2975 616 3050 totiusque
635 2974 758 3053 corporis
777 2975 896 3054 languor
919 2983 966 3035 sat
991 2976 1161 3036 luculentum
1184 2980 1272 3038 otium
1295 2978 1362 3037 mihi

265 3080 431 3160 pepererit,
451 3076 606 3153 Codinum,
636 3095 673 3134 ne
696 3074 780 3154 plane
803 3077 911 3136 otiosus
936 3097 1041 3157 essem,
1073 3079 1104 3135 in
1124 3099 1223 3137 manus
1246 3081 1363 3159 sumpsi,

262 3184 351 3260 verti,
381 3178 578 3240 commentaria
596 3177 701 3255 adieci,
729 3197 836 3237 errores
852 3180 1030 3256 gravisnmos
1048 3180 1120 3238 lunii
1132 3182 1242 3260 detexi,
1263 3183 1362 3259 utique

263 3287 294 3343 id
306 3290 426 3343 autnon
440 3283 563 3340 facturus
577 3286 627 3339 aut
647 3299 731 3359 parce
751 3281 893 3357 facturus,
924 3283 1049 3358 quamvis
1064 3284 1223 3341 innumeros
1235 3283 1295 3340 eius
1315 3302 1360 3341 er-

264 3406 342 3446 rores
362 3384 609 3461 dissimulaverim,
641 3383 693 3441 nisi
713 3382 809 3440 Iunius
828 3382 913 3441 homo
934 3384 1153 3462 arrogantissimi
1173 3384 1311 3463 supercilii
1330 3390 1360 3443 et

263 3488 415 3549 catholicae
428 3474 495 3545 fidei
508 3484 721 3544 immanissimus
735 3485 826 3543 hostis
839 3484 955 3559 fuisset3
969 3488 1019 3563 qui
1032 3507 1095 3546 cum
1108 3506 1127 3545 a
1136 3487 1194 3545 suis
1211 3486 1360 3544 haberetur

251 3586 293 3652 'et
314 3590 504 3651 venditaretur
519 3588 676 3665 omniscius,
697 3589 843 3667 perspicue
865 3588 989 3647 ostendit
1011 3590 1088 3647 edito
1104 3588 1216 3647 Codino
1236 3587 1290 3643 sibi
1308 3587 1361 3645 hac

264 3692 394 3771 opinione
415 3696 445 3749 et
464 3690 617 3749 famulicii
636 3690 782 3767 iniuriam,
803 3690 827 3748 si
846 3696 941 3748 tamen
953 3690 1059 3750 volenti
1071 3691 1133 3748 fleri
1145 3692 1242 3768 potest
1254 3688 1362 3764 iniuria,

265 3796 332 3871 quia
354 3792 450 3852 Iunius
473 3792 545 3851 hanc
561 3792 597 3850 de
611 3810 643 3849 se
656 3792 814 3869 opinionem
828 3798 858 3851 et
870 3793 972 3853 famam
984 3792 1096 3853 volebat
1109 3798 1139 3851 et
1157 3790 1288 3867 fovebat,
1315 3791 1364 3865 qui

264 3895 465 3974 curopalatem
487 3896 577 3973 primo
600 3895 689 3953 edidit
718 3912 793 3952 anno
816 3895 1002 3974 redemptoris
1032 3896 1113 3957 1588
1139 3912 1174 3951 ex
1196 3891 1364 3951 bibliotheca

155 4080 159 4087 ι
264 3997 327 4056 iulii
341 3997 426 4074 Pacii,
443 4016 595 4075 suppresso
607 4016 659 4056 suo
674 3996 796 4073 nomine,
815 3998 859 4055 vel
873 3997 967 4075 potius
979 3996 1009 4053 in
1022 3994 1164 4053 Iudaicum
1179 3998 1349 4053 commutato
1358 4014 1376 4052 r.

268 4096 400 4159 Nudubus
426 4098 499 4158 erim
526 4100 671 4174 Aginatius
703 4099 813 4156 senatui
836 4098 1062 4158 Francofortensi
1087 4098 1227 4156 Codinum
1254 4096 1367 4154 dedica-

266 4204 337 4275 bat3
357 4208 388 4260 et
408 4220 444 4259 ne
456 4219 514 4259 non
531 4201 599 4259 satis
618 4201 761 4259 dedicatus
777 4207 863 4278 esset,
886 4202 1006 4262 eundem
1025 4199 1125 4258 Pacius
1143 4199 1282 4258 dedicavit
1294 4198 1368 4277 Hip

267 4304 366 4382 polyto
382 4300 548 4402 aCollibus‚
572 4320 624 4360 suo
642 4303 672 4361 in
693 4303 835 4381 praetorio
850 4300 1223 4381 Heidelbergensicollegae.
1267 4305 1369 4380 postea
