3075 4867
555 273 602 345 ΙΝ
622 270 772 347 centul
802 279 889 349 CAP.
909 279 968 349 vt.
1241 285 1317 357 279

212 436 421 503 acclamationis
433 440 526 503 sactae
541 460 559 501 a
572 448 673 503 senata
687 443 727 504 Μ
745 442 893 508 Antonino
906 453 1104 508 commemorat
1124 445 1269 509 Vulcatius
1287 453 1317 511 in

212 528 315 587 Avidio
328 526 444 585 Cassio:
464 529 595 587 Antonine
615 530 679 605 Pie,
700 531 743 589 dii
759 539 785 590 te
804 538 914 591 sanent.
935 534 1067 593 Antonine
1088 536 1210 610 clemens,
1233 538 1275 595 dii
1290 544 1316 597 te

212 617 322 675 seromt.
341 618 372 676 m
381 612 492 671 nolm‘cti
503 613 572 691 quod
585 615 697 675 liaahot:
710 636 757 675 aas
763 615 879 693 jecimus
893 618 963 695 quod
975 618 1090 679 moetos
1113 620 1250 679 Commodo
1262 609 1314 681 im-

206 702 310 777 perium
326 699 426 755 iactum
445 716 587 775 rogamus,
606 704 757 777 progeniem
775 707 851 760 tuam
873 704 975 763 robora.
992 704 1046 783 sac
1061 708 1149 763 securi
1166 709 1221 763 sint
1237 696 1318 765 liberi

211 788 269 852 ἑαῖς
291 782 384 840 honum
401 786 537 859 impcn‘um
554 785 631 843 nulla
652 789 694 843 uis
713 785 807 845 laedit.
834 786 974 846 Commodo
992 789 1125 848 Amano
1141 790 1313 849 talaminiam

205 873 361 948 potestatem
381 886 522 942 rogamus3
550 874 727 945 procreatam
758 876 835 929 taam
862 891 1002 947 rogamus,
1030 874 1212 952 philosophiae
1239 883 1311 951 tuoe,

205 955 354 1033 patientioe
372 956 450 1025 tuae,
472 953 609 1012 doctrinae
624 962 702 1027 tuae,
721 956 860 1015 nahr'litati
871 964 951 1031 tuas,
971 961 1135 1019 amoenior
1153 965 1226 1018 tuae.
1248 964 1312 1019 uin-

208 1045 248 1100 cis
263 1040 399 1105 inimicos,
420 1036 504 1097 hostes
517 1058 677 1115 exsuperas:
698 1040 740 1097 dii
752 1048 778 1097 te
792 1046 908 1099 tumtur.

292 1120 450 1197 Synodicae
470 1122 674 1183 acclamationis
693 1143 729 1182 en
754 1125 806 1183 tibi
820 1110 1021 1204 exemplamex
1036 1126 1222 1185 Oecumenica
1242 1145 1310 1202 syn-

209 1208 265 1267 odo
283 1204 520 1282 chalcedonensi,
542 1208 605 1268 Act.
627 1214 664 1285 7,
685 1210 733 1267 ubi
747 1210 892 1270 Marciano
913 1212 1074 1287 imperatori
1096 1216 1126 1269 et
1147 1209 1309 1269 Pulcheriae

207 1292 377 1370 imperatrici
390 1290 544 1351 acclamant
557 1288 661 1371 patres.
682 1295 827 1355 Marciano
840 1316 907 1355 noro
920 1298 1091 1355 Cmutaatim
1098 1341 1108 1371 ,
1128 1316 1193 1355 nooo
1208 1297 1308 1372 Paulo,

207 1398 272 1438 novo
282 1376 377 1435 Dauid
386 1376 481 1435 multos
494 1399 587 1441 annos.
606 1398 650 1437 aas
661 1384 789 1457 ratispon
798 1382 885 1455 orhis,
901 1386 947 1459 pia
961 1381 1069 1441 domnice
1090 1381 1309 1440 dominantum

207 1466 382 1523 manumet.
402 1463 526 1539 confides
538 1469 639 1523 nostra
662 1464 800 1541 Christus,
821 1485 896 1544 psam
914 1467 1039 1537 honnus,
1060 1468 1153 1542 spreta
1171 1466 1307 1525 custodiet.

207 1547 380 1608 orthodoxam
389 1546 473 1625 fidem
489 1552 519 1605 tu
535 1549 671 1611 roborasti.
696 1553 765 1607 aaut
787 1550 948 1628 Apostolici‚
969 1554 1012 1608 ita
1029 1551 1145 1609 creditis.
1166 1550 1308 1627 Augustae

206 1634 304 1691 multos
324 1651 415 1690 aaron
441 1649 489 1689 vos
507 1633 609 1693 lumina
633 1634 794 1693 orthodoxae
807 1636 888 1712 ssdei.
916 1642 1021 1713 propter
1044 1634 1109 1693 haec
1135 1635 1230 1712 uhipue
1247 1654 1307 1713 par

206 1725 256 1779 cst.
285 1717 386 1775 lumina
409 1718 504 1793 pacis,
525 1718 644 1789 domina,
665 1725 696 1776 tu
713 1720 825 1777 custodi
846 1720 992 1778 annonaria
1012 1720 1117 1792 mundi,
1136 1717 1253 1790 domine,
1276 1727 1307 1777 tu

206 1802 319 1861 custodi.
337 1806 467 1878 perpetua
483 1808 607 1863 memon'a
625 1822 692 1861 novo
713 1804 896 1866 Constantino.
918 1824 986 1883 quae
1001 1824 1034 1863 aa
1050 1822 1143 1880 genere
1162 1803 1307 1864 orthodoxa

205 1895 262 1963 est,
280 1887 343 1945 daus
357 1905 414 1945 eom
428 1886 569 1951 melodiot.
590 1888 721 1947 curtalem
727 1888 800 1966 fidei
810 1889 872 1948 ἀααε
889 1888 1031 1948 custodial.
1052 1909 1110 1948 earn
1125 1908 1193 1965 puae
1208 1907 1307 1965 semper
1345 1944 1349 1947 .

127 2010 131 2013 -
202 1976 254 2052 pia
272 1976 311 2030 est
333 1969 397 2029 deus
420 1970 563 2031 custodiat.
585 1976 652 2049 pia,
676 1973 839 2045 orthodoxa,
857 1993 926 2051 quaa
945 1977 1078 2033 contraria
1099 1979 1138 2031 est
1155 1973 1305 2047 haereticis,

206 2059 272 2116 daus
285 2073 342 2113 eam
358 2055 499 2115 custodiat.
521 2075 605 2117 mones
615 2058 758 2116 haereticas
771 2064 802 2116 tu
813 2058 937 2137 fugasti.
958 2056 1108 2117 Nestorium
1122 2062 1148 2115 et
1165 2058 1307 2135 Eutychen
1324 2126 1338 2137 μ

205 2148 236 2201 tu
255 2145 391 2219 persecuta
408 2160 442 2197 es.
474 2141 544 2199 alsit
563 2144 671 2201 iraoidia
692 2162 710 2199 a
730 2149 818 2200 oestro
834 2146 949 2219 irnperio.
965 2143 1060 2219 fideles
1080 2146 1249 2219 imperotores
1265 2145 1307 2200 sia

203 2229 372 2287 honorantur.
400 2224 464 2283 dass
481 2226 614 2285 custodiat
628 2232 785 2305 potestatem
803 2232 934 2297 ommam,
953 2226 1015 2285 deus
1027 2228 1153 2304 pacificet
1169 2230 1306 2303 imperium

204 2318 328 2372 metrum.
364 2308 529 2370 Marcianus
556 2331 640 2370 nouas
664 2310 871 2382 Constantinus,
907 2310 1052 2369 Pulcheria
1085 2330 1154 2368 noou
1181 2311 1302 2371 Helena:
1318 2324 1343 2380 P
1360 2326 1414 2381 217

203 2396 290 2457 selum
305 2394 423 2454 Helenae
448 2401 478 2453 tu
494 2398 613 2456 sectaris.
643 2401 733 2455 oestro
752 2400 812 2455 oila
824 2398 953 2456 mammas
969 2400 1121 2456 cunctorum
1136 2400 1192 2455 est:
1213 2401 1305 2456 oestro

195 2482 268 2563 fidas
278 2480 444 2539 ecclesiarum
454 2478 543 2555 gloria
560 2486 607 2539 ert.

287 2564 428 2623 Similibas
449 2565 671 2644 epiphonematis
691 2571 827 2642 personat
845 2570 908 2624 tota
925 2566 1052 2642 synodus
1076 2564 1228 2643 Cpolitana
1248 2566 1302 2624 sub

202 2650 290 2709 Mena
315 2650 472 2727 patriarcha
496 2656 526 2709 et
552 2651 707 2709 Iustiniana
733 2651 909 2727 imperatore.
931 2652 1000 2726 quin
1021 2656 1051 2708 et
1074 2652 1103 2709 in
1122 2649 1319 2732 electionibus¹

200 2754 271 2795 usus
285 2741 346 2794 erat
363 2730 585 2813 ἔπιβοημᾶτων.
605 2737 635 2793 in
657 2734 736 2793 Actis
758 2736 941 2794 ordinationis
957 2736 1071 2811 Erudii,
1103 2756 1167 2793 enm
1185 2736 1262 2793 illum
1280 2738 1305 2793 S

203 2820 379 2898 Augustinus
391 2820 447 2880 iam
461 2837 547 2879 senex
559 2822 636 2901 apud
651 2820 754 2879 clerum
764 2827 795 2878 et
803 2820 939 2898 populum
952 2840 1139 2879 successorem
1148 2819 1201 2878 sibi
1222 2822 1304 2897 dixit,

200 2913 270 2987 post
288 2906 344 2964 ista
360 2904 511 2981 Augustini
526 2906 612 2965 verba
622 2907 802 2983 presbyterum
818 2904 954 2965 Euodium
971 2906 1038 2965 mihi
1052 2924 1221 2964 successorem
1234 2907 1302 2979 oolo,

200 2997 360 3066 sequuntur
371 2992 439 3047 ista:
461 3010 479 3047 a
487 2992 585 3068 populo
601 2992 778 3051 acclamatum
794 2998 847 3061 est,
869 2992 1050 3065 deogratias,
1074 2992 1178 3050 Charta
1191 2992 1300 3056 laudes,·

201 3078 310 3135 dictum
331 3080 376 3134 est
394 3074 477 3133 vicies
493 3079 545 3133 ter.
572 3076 674 3135 maadi
701 3076 821 3147 Christe,
847 3075 999 3149 Augustino
1028 3080 1098 3135 vita:
1125 3077 1230 3135 dictum
1255 3080 1301 3132 est

200 3162 292 3220 sexies
317 3160 425 3219 decies:
446 3165 471 3217 te
495 3165 615 3238 patrem,
642 3165 668 3217 te
697 3162 852 3237 episcopum.
880 3160 985 3219 dictum
1006 3167 1050 3219 est
1068 3161 1163 3219 octies.
1191 3178 1300 3237 eumpse

201 3250 368 3323 reticeretur,
400 3244 571 3320 Augustinus
593 3248 729 3322 episcopus
754 3243 843 3320 dreit,
870 3263 923 3303 non
951 3265 1016 3323 opus
1040 3252 1079 3303 est
1095 3251 1144 3303 etc.
1171 3264 1251 3302 mou:
1280 3264 1300 3301 α

201 3334 317 3391 ndariis
340 3330 481 3400 acclesiae,
505 3332 576 3389 siant
609 3331 733 3398 canitis,
758 3331 926 3407 accipiuntur
954 3349 1021 3407 qaae
1048 3330 1175 3400 dicimm,
1199 3332 1300 3407 eodm·

200 3423 285 3475 untur
312 3432 380 3493 quac
405 3413 513 3485 dicitis,·
541 3420 566 3473 et
592 3432 663 3473 mass
690 3432 772 3471 sermo
800 3420 825 3471 d
852 3418 953 3471 oestrus
972 3412 1174 3471 acclamationes
1195 3416 1224 3473 in
1245 3419 1298 3473 ter·

198 3520 260 3563 ram
290 3520 343 3561 non
366 3497 474 3557 cadunt.
509 3501 627 3578 apertius
647 3502 679 3557 ut
701 3497 804 3571 dham,
831 3499 1009 3556 ecclen‘ostica
1035 3517 1103 3555 nunc
1127 3504 1205 3571 gesta
1234 3517 1297 3557 cm-

192 3589 312 3666 Jcimus.
346 3586 387 3643 sic
407 3586 475 3643 enim
495 3582 543 3643 hoc
562 3604 616 3643 esse
642 3588 769 3661 quantam
790 3582 827 3641 ad
852 3583 967 3641 homines
993 3584 1171 3660 corfirmotorn
1188 3583 1256 3639 oola.
1278 3603 1298 3641 α

197 3668 296 3751 pupulo
311 3668 489 3730 acclamatum
509 3674 548 3727 est
570 3671 690 3745 ragom
710 3670 811 3741 sactes,
842 3667 888 3725 deo
914 3670 1037 3742 gratim,
1066 3667 1170 3725 Christo
1194 3666 1295 3726 laudm.

199 3756 303 3817 ιαααᾶἰ
316 3754 433 3814 Chn'ste:
455 3754 605 3831 Augustino
624 3756 700 3813 uita:
719 3754 827 3811 dictum
844 3758 889 3811 est
907 3752 1050 3811 tredecies.
1073 3757 1103 3809 et
1125 3750 1179 3809 sub
1199 3751 1296 3808 tinem:

218 3844 244 3901 io
256 3840 324 3901 mihi
335 3842 497 3918 responsione
508 3844 597 3899 oestro
607 3858 670 3919 opus
682 3843 729 3899 est.
749 3845 849 3898 teneam
861 3842 1046 3916 responsionem
1062 3844 1186 3895 cestram.
1201 3837 1233 3893 da
1247 3836 1298 3892 hoc

200 3929 344 3989 oscaram
353 3924 458 4003 aliquid
471 3926 627 3995 acclamate.
670 3945 689 3983 a
699 3923 800 4002 populo
816 3924 1003 3995 acclamatum,
1016 3924 1081 4000 fiat,
1096 3923 1170 4001 fiat.-
1190 3921 1297 3979 dictum

199 4012 284 4073 vicies
295 4011 452 4087 quinquies.
493 4010 798 4086 egrimoniorum
819 4013 869 4082 est,
889 4009 995 4065 dictum
1010 4006 1092 4064 vicies
1112 4005 1205 4065 octies.
1227 4006 1295 4080 fiat,

191 4102 266 4177 flat:
286 4098 393 4155 dictum
410 4100 511 4171 quater
532 4096 634 4155 decies.
676 4094 872 4169 chadigam,
895 4094 956 4151 olim
976 4097 1099 4149 mantus:
1128 4091 1234 4146 dictum
1254 4088 1296 4144 vi-

198 4182 256 4241 cies
280 4181 437 4258 quinquies.
478 4180 581 4241 iudicio
595 4187 641 4239 tuo
657 4182 764 4256 gratim
779 4182 901 4253 agimus:
933 4177 1038 4237 dichrm
1064 4174 1206 4233 tredecies.
1247 4190 1296 4228 ex-

197 4268 269 4329 audi
296 4266 416 4346 Chmslc,
441 4264 578 4329 Eradium
608 4282 743 4327 tonsam:
774 4264 879 4325 dictum
904 4263 990 4322 octies
1017 4261 1116 4321 decies.
1158 4257 1236 4317 vides
1252 4256 1298 4315 hic
