3075 4867
529 291 920 396 nmmwmu
1120 295 1278 369 -m

248 456 342 528 pis.
355 456 397 516 18.
429 455 571 512 Ancona:
597 449 868 542 ὁῦσομσημοτοηρᾶ
909 451 1132 527 σταθεζόρενος
1158 452 1199 521 sio
1221 455 1278 530 ρη-

181 544 255 597 ponc
268 519 444 592 ἐπισκόπων,
460 522 509 578 ναὶ
522 521 639 594 γράφει,
663 525 694 580 el'
707 541 742 588 τι,
755 519 843 578 cedson
868 471 998 646 dpoioosm
1021 520 1136 594 dinoci
1158 522 1206 594 (oi
1226 522 1278 595 olp-
1336 589 1339 593 γ

181 599 281 666 peeoris
298 595 336 650 Μ.
348 595 391 663 qni
403 593 488 647 addit:
507 589 563 648 ἔστι
579 588 612 658 di
630 588 740 662 οἰκέτης
755 593 805 663 τῆς
817 592 883 654 devs
899 611 949 659 ρος
964 590 1136 656 scordion).
1169 596 1279 650 Ioannes

182 663 249 716 citri
266 663 439 733 episcopusin
461 663 541 732 Resp.
552 662 615 714 iuris
628 663 680 714 GR
701 662 719 716 l.
735 661 767 713 62
793 663 943 725 νοσοῦντος
960 659 1055 733 μέντοι
1070 666 1122 718 τοῦ
1137 663 1280 750 ηαρτοφν-

181 736 266 794 lcnsoe
286 721 307 802 ἢ
323 726 538 798 ἀποδημοῦντος
570 725 630 785 ἄντ’
652 725 761 803 buison
777 729 819 801 spi
834 725 1117 806 ὑπομνηματογροὶφῳ
1134 731 1280 804 orsiesis}

183 797 354 864 indesinenti
371 794 526 870 ἀνάγνωσις
541 801 598 874 τῶν
621 799 673 853 τοῦ
693 801 939 869 χαρτοφνλοιιιιιιοῦ
959 797 1091 869 σειιρέτου
1113 794 1280 872 ὑπομνημα-

181 870 291 938 τισμῶν.
328 886 360 922 ex
376 885 426 937 quo
446 867 501 922 eius
522 885 610 930 munus
630 867 838 940 chartophylacis
858 867 945 923 officio
962 869 1066 925 videtur
1083 870 1282 926 coniunctumet

183 955 273 1010 operes
285 937 362 992 etiam
375 937 470 992 hebere
481 953 616 992 connexas.

265 1041 355 1102 Porro
376 1041 496 1102 Ioannes
518 1042 624 1100 Citrius
647 1042 677 1102 in
698 1041 757 1106 suis
785 1042 928 1120 responsis
960 1041 1015 1105 alio
1040 1042 1138 1103 ordine
1164 1041 1283 1105 collocat

184 1133 214 1187 et
244 1132 388 1186 enumerat
425 1127 477 1186 has
512 1126 711 1186 ecclesiasticas
744 1128 906 1205 dignitates.
953 1148 1020 1187 nam
1053 1133 1121 1207 post
1152 1135 1282 1188 euocata-

185 1212 277 1285 coelos
306 1213 396 1290 primo
422 1210 484 1270 loeo
511 1214 592 1289 ponit
612 1213 854 1293 protonotarium,
870 1215 995 1272 secundo
1009 1205 1283 1295 ὖπομνημοτογροῖ·

92 1347 97 1356 .
186 1320 262 1374 φον,
285 1298 368 1357 tertio
381 1294 573 1376 logothetam,
594 1303 695 1374 quarto
712 1298 904 1375 canstrisium,
925 1299 1024 1374 quinto
1048 1298 1283 1376 hieromnemona,

187 1384 234 1456 qui
248 1383 325 1460 apud
339 1382 480 1439 Codinum
492 1383 597 1458 primus
611 1389 656 1441 est
669 1384 699 1441 in
708 1384 835 1462 pentade
848 1383 950 1463 tertia,
963 1390 1044 1446 sexto
1056 1385 1283 1464 referendarium,

187 1468 233 1544 qui
246 1468 276 1525 in
290 1467 413 1548 pentade
425 1468 548 1528 secunda
565 1473 695 1548 quartum
707 1467 800 1528 locum
812 1473 901 1529 tenet

630 1696 840 1710 ..n—‘Q—

496 1890 974 1974 coruunt

273 2143 302 2202 p.
318 2120 377 2185 bv.
394 2123 421 2194 1,
455 2069 590 2182 Tertiae
603 2120 735 2200 pentadio
749 2123 852 2202 primas
872 2126 952 2182 tenet
972 2119 993 2183 d
1012 2071 1218 2204 doceminor,
1240 2119 1289 2196 qni

82 2239 91 2254 ·
186 2213 334 2273 Bonefidio
346 2232 480 2276 sacrorum
492 2210 649 2273 metnenlslis
662 2218 691 2273 et
706 2231 762 2272 uno
775 2211 862 2269 verbo
875 2213 1056 2293 socrimesnos,
1071 2210 1152 2268 lunio
1165 2211 1290 2268 deterius

187 2317 323 2357 onerosum
335 2298 449 2377 praeoni.
468 2317 522 2375 ego
537 2297 675 2355 Graecum
687 2297 865 2358 retinendum
879 2313 998 2373 censeo,
1019 2297 1133 2372 quando
1145 2295 1223 2354 nulla
1235 2313 1290 2355 vox

190 2381 296 2442 Latina
309 2384 377 2445 satis
392 2389 460 2462 opta
470 2382 605 2465 suppetit.

258 2496 324 2578 ibid,
361 2495 488 2582 Allatiapa
507 2511 611 2580 europs:
649 2490 665 2582 ‘l
692 2488 867 2582 lsoopsp'pos
889 2493 1000 2579 apotecis
1023 2486 1055 2549 ἕν
1076 2493 1118 2577 τῇ
1136 2489 1293 2559 παραδόσει

189 2563 399 2662 (φνλοιιιηΙΜ)Ι
432 2579 599 2648 οντιονυτον
624 2564 730 2648 sciprio
756 2566 807 2686 lw
830 2581 988 2649 υιιηνσοιιιιον
1007 2563 1056 2631 bi)
1081 2581 1132 2646 της
1150 2557 1293 2631 ἐκκλησίας

192 2635 392 2710 βοσλλοιθεντοι
407 2651 486 2702 παρα
503 2649 558 2686 τοον
570 2634 708 2702 nicoenam
723 2650 761 2686 ιιοι
789 2649 841 2687 τον
854 2626 1031 2701 αρχιερεοιςέ
1052 2631 1212 2702 detonsos.
1242 2627 1292 2685 nol

192 2699 222 2787 sl
232 2697 285 2770 pls
302 2697 353 2756 οὔιι
371 2698 446 2787 ἔστιν
460 2695 624 2787 infensos,
646 2702 751 2769 μᾶλλον
765 2694 910 2784 &poietin
926 2695 1025 2820 lnnipo
1035 2718 1071 2752 αν
1087 2696 1165 2754 νέαν.
1200 2715 1291 2768 σφρα-

191 2771 258 2838 piiss
275 2765 307 2825 dl
322 2767 372 2824 noel
388 2786 576 2840 αναγνοιστοις.
611 2771 679 2822 hunc
697 2771 793 2822 Graeor
808 2770 898 2821 volunt
917 2786 974 2821 esse
1006 2785 1139 2835 raconem,
1158 2784 1214 2820 curn
1230 2769 1292 2820 sub·

192 2839 291 2892 serviat
302 2839 430 2908 pontifici,
442 2840 484 2891 cui
495 2837 594 2892 diaconi
606 2855 638 2890 ex
649 2838 735 2890 oilioio
746 2837 842 2890 debent
852 2837 1005 2895 ministrare.
1037 2837 1098 2891 vide
1109 2837 1217 2890 Citriurn
1229 2843 1292 2907 apta

194 2915 221 2962 et
231 2907 432 2962 omnicoetum
444 2908 609 2962 disserentem
620 2906 676 2960 loco
686 2905 815 2980 superiori
824 2913 887 2960 nota
898 2905 986 2963 citato.

277 3011 324 3073 De
351 3014 411 3072 eius
434 3013 525 3072 officio
550 3011 619 3071 haec
646 3013 760 3071 Citrius.
803 3011 1013 3072 ἢίετοσισοοιοσίι
1029 3012 1151 3093 officim
1173 3011 1212 3070 od
1230 3010 1292 3070 ‹iic-

195 3118 287 3157 conum
314 3102 460 3158 necessario
482 3101 603 3177 pertinet.
644 3117 707 3157 nom
739 3099 783 3158 bie
802 3097 883 3157 simul
906 3115 966 3157 cam
995 3101 1134 3156 enutrisio
1165 3097 1293 3156 nhsern't

194 3183 324 3243 induendo
335 3186 420 3242 sanis
437 3184 553 3243 cestibus
569 3185 753 3263 socnylootuso
766 3184 897 3262 pontefici.
938 3184 966 3240 si
979 3200 1041 3240 cero
1055 3183 1241 3241 hieromnemon
1255 3184 1293 3239 sit

196 3267 333 3342 sacerdos,
351 3268 406 3326 solo
416 3271 517 3328 nomine
526 3267 845 3349 lepoponpooeiznepue
858 3270 925 3326 eninr
939 3270 966 3326 ei
977 3267 1039 3325 licet
1052 3265 1086 3328 lv
1101 3270 1167 3337 τοῖς
1179 3263 1291 3342 desnos-
1305 3271 1328 3324 P
1347 3273 1396 3329 165

198 3356 276 3425 σίοιις
290 3357 351 3415 τῶν
368 3346 579 3433 οἷρχιεροιτικοῖν
596 3345 798 3428 πολισμάτων
814 3345 958 3413 διακόνου
972 3345 1056 3424 τάξιν
1066 3354 1177 3430 τηρεῖν.
1216 3350 1295 3409 vide-

196 3444 244 3497 tur
260 3439 352 3496 dicere
364 3438 589 3496 hieromnemona
608 3439 740 3516 pontifice
755 3438 841 3495 sacris
856 3440 991 3513 operante
1005 3453 1063 3492 non
1082 3446 1176 3512 posse¹
1186 3434 1296 3494 diaconi

197 3524 291 3582 officio
305 3522 402 3601 iungi,
422 3523 447 3580 si
461 3523 498 3580 sit
512 3524 659 3600 sacerdos,
679 3529 709 3581 et
722 3523 762 3581 sio
775 3520 836 3579 solo
850 3521 963 3578 nomine
982 3520 1207 3578 hieromnemona
1225 3539 1296 3579 esse.

198 3610 277 3684 quod
291 3607 397 3665 Citrius
415 3607 510 3664 hausit
523 3625 558 3665 ex
571 3609 756 3666 recentiorum
770 3606 941 3665 Graecorum
953 3604 1111 3684 erroribus,
1131 3605 1180 3680 qni
1201 3625 1297 3684 repre-

197 3693 327 3752 hendunt
339 3691 457 3751 Latinos
474 3693 550 3767 quod
569 3692 599 3749 in
614 3711 709 3752 eorum
727 3690 842 3750 ecclesia
855 3691 1015 3749 sacerdotes
1036 3709 1122 3768 saepe
1143 3691 1299 3768 fungantur

198 3795 314 3838 munere
328 3779 452 3855 diaconi,
472 3777 541 3833 dum
558 3783 765 3836 sacrosanctum
786 3777 887 3835 missae
906 3777 1069 3834 sacrificium
1082 3775 1208 3834 offertur.
1249 3780 1300 3835 isn-

141 3873 145 3898 *
197 3865 276 3943 probe
286 3862 420 3942 profecto,
437 3862 530 3937 inquit
545 3861 659 3921 Manuel
681 3861 784 3920 Caieca
802 3867 901 3919 contra
922 3861 1046 3919 Graecos
1059 3859 1079 3924 4
1093 3862 1151 3922 21:
1172 3864 1299 3937 ιξσοτσιιί

199 3953 284 4022 enim,
303 3952 368 4026 puio
383 3951 409 4007 is
429 3947 532 4026 paidom
550 3950 597 4026 qui
613 3947 683 4027 pnod
704 3950 793 4006 moins
808 3952 847 4005 est
862 3947 955 4020 babet,
979 3951 1059 4007 etiam
1074 3945 1144 4024 puod
1158 3950 1246 4005 sninns
1261 3949 1300 4003 est

199 4032 314 4093 eiusdem
324 4036 426 4110 generis
439 4032 517 4090 babet
525 4037 683 4107 necessario,
703 4051 754 4091 non
764 4037 853 4090 autern
865 4050 1018 4092 econverso.
1051 4031 1125 4090 borno
1137 4034 1207 4089 enin
1215 4032 1301 4089 sotio-

199 4118 287 4177 nalem
300 4119 396 4178 bcbens
405 4119 521 4176 animem
530 4117 675 4177 sensibilem
686 4137 785 4196 quoqne
793 4123 819 4174 et
828 4118 998 4193 vegetabilem
1007 4117 1055 4175 aab
1064 4136 1095 4174 eo
1105 4115 1198 4174 babet:
1218 4132 1300 4191 nepae

200 4210 305 4278 tanen,
328 4222 395 4282 quoe
407 4202 550 4278 vegetabili
562 4206 651 4261 animo
670 4208 799 4275 utantur,
820 4203 938 4261 sensibili
949 4207 1029 4262 etiam
1049 4208 1076 4260 ei
1090 4198 1222 4257 scnbnoli
1228 4201 1300 4276 poti-

200 4295 294 4350 antur.
336 4295 416 4368 cipue
434 4287 525 4347 itidem
548 4289 577 4346 in
600 4287 682 4366 aliis,
704 4291 760 4350 sine
783 4287 899 4348 bonone
915 4290 971 4347 siae
987 4286 1084 4347 divina
1098 4286 1226 4362 inspicere
1240 4287 1300 4362 pais
