3075 4867
201 186 216 207 ’
256 255 371 362 'aas
459 249 668 326 ounrsuru
683 249 738 318 nr
756 201 893 318 costr
904 241 1240 316 communiens

293 423 348 484 tait
360 417 536 500 Nicephorns
550 413 703 494 Callistus,
723 419 756 474 ut
770 419 885 475 constat
899 431 935 473 ex
953 412 972 472 t
989 411 1028 478 15
1043 410 1178 472 historiae
1189 411 1433 474 ecclesiastieae

293 528 318 568 a
333 506 374 572 25
391 513 422 566 et
437 510 494 578 263
518 505 566 581 qui
580 505 617 562 de
629 501 766 560 miraculis
781 500 820 558 ad
833 502 940 559 fontem
959 497 1043 556 editis
1055 498 1196 576 integrum
1208 518 1242 558 se
1255 500 1431 558 eoinmen·

292 594 395 654 tan'nm
413 590 559 670 scripsisse
580 589 655 647 dicit
672 591 769 644 exstat
787 585 912 644 mennae
933 584 964 642 in
986 583 1127 643 Caesarea
1147 583 1329 645 bibliotheca
1354 585 1429 643 for-

294 679 378 736 tassis
399 677 510 739 unicam
530 674 623 734 ¹'totins
649 671 781 750 Europae
806 669 962 747 exemplam
989 668 1034 728 cni
1057 669 1112 728 nisi
1134 669 1191 728 cito
1217 675 1429 729 succurratur

293 761 366 844 (vidi
382 762 455 820 enim
469 765 498 818 et
510 758 632 836 percurri
642 756 757 816 allatum
770 755 949 815 Monachinm
963 759 994 812 ct
1013 753 1069 813 lruc
1088 752 1333 835 Ingolstadium),
1361 773 1427 836 pe-

294 848 372 907 nitus
392 866 409 905 a
427 845 524 904 blattis
548 843 687 918 mosque
707 841 887 914 corrodetnr;
917 845 948 898 ct
966 839 1022 896 iarn
1041 857 1117 898 nunc
1135 838 1244 916 aliquot
1267 839 1347 898 loeis
1379 839 1426 897 ab

295 933 378 1008 aquis
392 931 511 1010 pessime
522 933 668 1008 acceptum
680 933 744 1007 est,
763 926 805 987 ita
825 931 858 987 nt
874 925 963 986 multa
977 923 1033 1004 legi
1052 931 1211 1006 nequeant,
1232 925 1423 1006 praesertim

296 1017 351 1076 snb
370 1015 462 1076 finem.

384 1114 431 1176 Ad
454 1114 509 1175 hoc
528 1112 664 1195 templum
695 1113 810 1174 divertit
837 1129 949 1191 quoque
979 1111 1090 1174 Helena
1118 1111 1315 1172 Cantacuseni
1339 1109 1417 1188 lilia,

298 1207 423 1281 nuptura
446 1201 544 1260 Ioanni
564 1199 740 1278 Palaeologo.
760 1217 819 1258 rem
844 1205 940 1258 narrat
952 1200 1014 1279 ipse
1034 1194 1287 1260 Cantacnzenus4
1313 1197 1342 1259 1.

371 1315 437 1374 ibid.
472 1314 542 1367 urbis
559 1313 604 1366 ΟΡ
626 1315 689 1367 situs
711 1311 875 1382 triangularis
892 1320 946 1378 cst3
968 1311 1074 1396 eiusque
1094 1313 1178 1366 latera
1200 1312 1249 1365 dno
1272 1309 1414 1365 situantur

302 1383 384 1448 mari,
414 1383 516 1436 tertium
545 1383 684 1436 continenti
712 1383 866 1435 obtenditur.
900 1381 932 1434 ad
954 1395 1008 1434 eam
1030 1389 1116 1451 utaque
1142 1381 1281 1435 adveniens
1312 1381 1413 1432 itinere

303 1453 424 1508 terrestri
433 1452 580 1522 imperatris
591 1451 624 1504 ad
637 1453 730 1519 Pegem
748 1451 880 1504 ecclesian
897 1450 1085 1503 celeberrimam
1104 1456 1131 1503 et
1147 1450 1244 1520 regium
1262 1448 1343 1502 simul
1355 1455 1415 1518 Tpa-

303 1523 407 1587 latium,
428 1538 480 1590 qna
498 1520 666 1572 continentem
688 1520 793 1588 respicit
811 1520 888 1584 urbs,
907 1519 1006 1572 desilitt
1028 1519 1067 1572 siu
1091 1518 1157 1571 mari
1176 1519 1312 1588 appellat,
1337 1519 1414 1570 cirea

303 1591 462 1644 blachernas
478 1590 533 1640 loco
550 1593 639 1657 portus
657 1587 875 1653 commodissimo,
889 1589 935 1640 ubi
953 1587 1020 1641 alind
1040 1589 1225 1641 Blachernense
1239 1587 1341 1640 dictum
1359 1604 1414 1656 pau

304 1649 410 1723 latisin,
433 1664 525 1708 terram
544 1656 646 1708 salutat.
671 1657 795 1709 ecclesiae
818 1673 896 1724 porro
919 1655 1015 1724 Πηγῆς
1035 1673 1127 1708 nomeu
1151 1663 1193 1709 est
1213 1671 1231 1708 a
1251 1660 1332 1724 sonte
1357 1672 1413 1708 non

304 1729 386 1780 minus
403 1725 522 1777 continuo
540 1721 712 1776 miraculorum
732 1725 857 1792 profluuio
877 1742 953 1793 quam
970 1724 1124 1793 perennibus
1143 1724 1218 1794 aquis
1237 1723 1411 1778 exuberante.

304 1797 338 1850 ad
351 1794 477 1847 salutares
489 1793 544 1846 eins
556 1809 636 1862 aquas
651 1791 673 1844 si
685 1809 701 1844 a
711 1793 860 1858 Marciano,
881 1794 924 1862 qui
939 1794 1097 1862 postmodum
1114 1791 1256 1846 Romanum
1273 1789 1411 1861 imperium

303 1863 429 1926 obtinuit,
450 1862 609 1929 deferretur,
632 1863 715 1914 lumen
737 1863 865 1915 oculorum
890 1869 1100 1931 recuperaturum
1120 1878 1212 1916 oseem
1231 1878 1279 1931 per
1294 1859 1411 1915 divinant

304 1931 429 1985 visionem
452 1936 493 1984 est
515 1925 631 1986 monitus.
660 1929 718 1984 tulit
738 1928 778 1993 ele
800 1926 853 2000 τὴν
870 1925 969 1998 Πηγήν
996 1927 1142 1984 Marcianus
1165 1946 1286 1994 meeum,
1312 1947 1410 1983 means

303 2002 387 2054 visum
400 2019 433 2054 ex
451 1997 523 2069 aquis
539 1998 649 2053 rettulit.
672 1999 745 2064 inde,
765 1999 802 2051 ait
816 1999 952 2051 Menaeum
964 1998 1139 2062 Graecorum,
1159 1999 1339 2062 miraculorum
1358 1999 1411 2066 τῆς

304 2069 402 2139 fluoris
422 2069 494 2136 origo
507 2074 534 2121 et
546 2067 734 2129 celeberrimum
745 2065 803 2121 loco
817 2083 908 2120 nomeu
925 2069 1035 2121 nuum:
1058 2062 1090 2120 is
1106 2066 1147 2138 τῷ
1161 2065 1268 2136 τεμένει
1284 2063 1303 2136 ἡ
1322 2065 1408 2136 Humi

303 2133 378 2194 iusso
398 2132 539 2204 ἀφθόνων
559 2135 698 2205 ἰαμάτων,
722 2137 748 2190 in
768 2138 864 2206 templo
881 2136 937 2207 ipso
954 2153 1004 2188 non
1022 2137 1087 2190 adeo
1105 2136 1163 2190 tous
1176 2154 1251 2206 quam
1267 2138 1408 2188 miraculo-

306 2224 362 2262 rnn
387 2208 496 2260 ubertim
516 2206 702 2266 decurrentium
720 2206 789 2258 latex
813 2205 933 2271 emergit,
956 2205 993 2258 ait
1010 2203 1214 2259 Cantacusenus.
1248 2205 1407 2270 lastinianus

309 2275 375 2330 fonti
392 2275 513 2344 templum
532 2275 713 2345 superstruxit:
741 2269 794 2342 τὴν
813 2270 952 2327 θεοτόκον
978 2269 1078 2342 Hippola
1096 2269 1292 2335 Ἰουστινιανός
1308 2269 1405 2340 ἔκτισε,

306 2346 418 2398 scribunt
435 2343 556 2411 Origines
574 2344 628 2396 GP.
652 2347 738 2397 exstat
752 2343 837 2395 adhuc
849 2343 934 2408 locus,
949 2341 1102 2396 Christianis
1117 2343 1261 2411 Turcisque
1278 2359 1403 2396 veneran-

304 2415 369 2478 dus,
391 2411 510 2482 quodque
521 2415 638 2480 superest
647 2413 767 2480 templum
779 2411 848 2463 nulle
858 2410 931 2463 ruins
941 2410 1087 2476 foedatum,
1109 2411 1162 2464 auti
1181 2414 1262 2464 nitate
1281 2429 1331 2464 non
1350 2428 1403 2463 mo-

305 2481 561 2547 dinumerandum,
573 2481 607 2532 ob
625 2480 734 2550 pretium
745 2494 819 2533 omne
829 2484 1081 2549 supersuturam,
1099 2497 1115 2534 a
1131 2499 1149 2552 p
1221 2478 1404 2551 Xpooorsmrir

307 2551 411 2620 accepit
422 2549 626 2620 appellationem.

394 2657 422 2716 p.
436 2639 495 2704 107
514 2657 541 2696 v.
554 2635 602 2700 14.
630 2636 666 2696 de
685 2633 791 2716 templo
803 2632 1020 2698 Blachernurum
1039 2657 1092 2698 suo
1114 2636 1177 2698 loco
1198 2639 1324 2698 diximus
1344 2645 1402 2698 erat

309 2729 339 2784 et
360 2724 454 2800 ipsum
476 2729 556 2782 extra
579 2721 676 2782 urbem
695 2723 734 2782 ad
752 2725 832 2782 littus
855 2724 956 2799 maris,
977 2723 1013 2782 de
1035 2741 1093 2799 quo
1114 2723 1205 2787 multa
1231 2723 1401 2804 Nicephorus

308 2808 371 2867 loco
395 2807 489 2865 citato.
510 2807 646 2885 principio
673 2808 779 2886 templa
802 2807 977 2867 solummodo
999 2814 1097 2881 erant3
1121 2828 1251 2868 successu
1274 2810 1402 2888 temporis

310 2898 487 2952 sccmserunt
507 2891 731 2968 splendidissima
752 2891 865 2972 palatia.
890 2895 1032 2967 quomodo
1055 2900 1172 2972 excepta
1192 2895 1277 2962 suerit
1294 2895 1329 2954 ab
1345 2894 1401 2952 An-

313 2977 429 3040 dronico
444 2975 552 3033 iuniore
565 2993 672 3053 sponso
686 2975 770 3035 Anna
789 2976 938 3054 Subando,
958 2977 1037 3055 leges
1056 2980 1134 3056 apud
1155 2979 1338 3042 emmeant
1355 2979 1401 3042 42

383 3107 412 3174 p·
425 3091 475 3145 108
487 3107 513 3172 y.
528 3089 552 3142 ί.
573 3082 706 3171 suspirio
724 3081 889 3158 inpuratus]
911 3091 1036 3175 adnrbis
1051 3109 1107 3176 eum
1123 3094 1249 3177 angulum·
1261 3093 1305 3177 (pai
1323 3093 1401 3159 cury-

315 3161 423 3230 sopolim
435 3157 555 3238 opprdnm
568 3158 706 3242 misticum
718 3175 750 3210 ex
767 3159 874 3212 adverso
890 3167 1008 3232 respuat,
1025 3163 1068 3215 abr
1082 3161 1157 3216 bodie
1167 3179 1291 3233 pnnctprs
1305 3161 1402 3216 Turon-

315 3247 372 3288 rnm
390 3229 472 3297 regia.
495 3227 589 3296 vulgus
605 3243 704 3296 κερας,
725 3245 804 3282 corun
823 3234 910 3283 uocat.

384 3331 420 3386 ib.
439 3349 466 3385 v.
488 3329 515 3386 5.
540 3322 758 3398 cipposssuosois]
785 3329 1030 3399 legendnmomnino
1041 3325 1243 3401 ἄρχοντισσῶνε
1265 3326 1401 3418 cippomu·

314 3395 383 3462 ossis
393 3399 459 3452 enim
470 3417 518 3452 nec
529 3414 590 3451 usus
600 3415 648 3451 nec
665 3400 748 3456 lerion
761 3417 809 3452 nec
827 3399 968 3452 anmritas
985 3400 1069 3458 docet.
1090 3407 1131 3454 est
1147 3408 1234 3454 autem
1247 3395 1402 3472 ἄρχοντισσα

315 3471 436 3536 minu,
450 3469 553 3536 sanius
569 3468 671 3522 nobilis.
706 3469 794 3520 Simon
813 3467 918 3520 Portius
939 3464 1123 3556 deprimuntur,
1142 3469 1292 3538 δέσποινα,
1311 3467 1402 3523 δεσπό-

314 3556 374 3604 sta,
404 3537 498 3604 κυρία.
525 3536 595 3587 inter
622 3537 774 3608 praecipuas
805 3536 944 3590 huiusmodi
971 3539 1150 3607 αρχοντίσσας
1178 3539 1312 3594 cedrenus
1331 3540 1400 3592 habet

315 3600 436 3674 ζωστάς,
454 3621 519 3673 qnae
534 3603 698 3673 patriciorum
718 3605 819 3675 cingulo
836 3611 867 3658 et'
877 3606 980 3660 honoris
998 3607 1090 3676 insigni
1106 3613 1250 3662 uterentur.

384 3706 449 3761 ibid.
484 3701 637 3760 ὑποδοῦσνν
655 3701 743 3775 αὐτὴν
762 3701 799 3760 roi
816 3699 937 3777 ἐρυθρά]
961 3725 1013 3762 nun
1030 3708 1111 3762 miuus
1122 3695 1210 3781 'capiti
1229 3726 1322 3764 corona
1334 3725 1399 3778 qaam

314 3772 394 3830 rubra
419 3775 592 3829 edecumenta
615 3776 719 3828 fuerunt
742 3775 849 3845 pedibus
870 3777 904 3829 im
923 3782 1052 3830 arsurum
1069 3778 1187 3848 iusignia.
1218 3780 1355 3848 bogotlrsts
1370 3778 1400 3829 ds
1490 3810 1492 3815 »

313 3843 410 3898 Ioanne
421 3844 556 3929 abdipsute
574 3861 603 3896 se
620 3844 740 3912 imperior
762 3843 811 3898 sori
828 3840 866 3932 sp}
918 3865 935 3899 ν
954 3841 1180 3932 ἐρνθράεπὲδιια
1195 3843 1344 3920 ἀνεβάλετο
1357 3843 1400 3898 sui

314 3908 884 4054 sustentaturus.‘tn
899 3911 953 4037 ut
967 3912 1400 4054 bisuntinorum

316 4051 680 4190 ltltdltttlllt
689 4051 840 4192 iiiiii
853 4053 1400 4208 blttltffit‘lllltttt

320 4181 389 4251 soria
403 4184 434 4240 ἐν
445 4183 525 4260 ’Ἀλβῃ
541 4181 809 4270 πντέινινομένονς,
827 4184 865 4263 ὥς
878 4187 927 4274 spei
943 4208 1091 4261 προσηκων
1113 4189 1191 4261 optol
1207 4187 1257 4246 dcci
1275 4186 1323 4247 sir
1336 4186 1400 4245 Ἴον·
1490 4246 1492 4266 Ι

322 4258 389 4328 tus,
406 4253 528 4332 &spira-
546 4259 693 4316 amuranus
712 4258 805 4329 potum
824 4263 937 4330 tegulas
952 4277 1083 4332 purpurea
1098 4269 1190 4330 vocat,
1206 4277 1274 4332 quas
1290 4277 1307 4316 s
1321 4260 1399 4315 anta
