3075 4867
262 310 336 386 100
425 306 636 376 GRETSERI
648 308 704 375 ΕΤ
718 308 850 377 θΟΔΒΙ
864 307 1197 381 COMMENTARIUS

261 476 390 536 cedinus
407 480 507 535 noster
519 478 549 534 et
562 474 617 534 alst
634 472 702 535 hinc
720 474 891 557 dpovypoosi
914 476 1044 551 globatim
1068 480 1241 537 rottmweiac.
1268 496 1365 557 ¹quun-

262 581 349 639 quam
366 564 459 641 ipsum
476 579 590 637 quoque
605 560 770 621 vocabulum
789 567 843 621 rott
866 580 936 640 pure
956 562 1161 621 Germanicum
1194 562 1312 623 Nicetas
1336 567 1365 624 in

260 648 402 709 Balduino
421 646 562 705 Flandro:
589 652 699 727 μοῖραν
718 641 761 727 ἣν
781 646 911 727 potiosus
932 639 1099 730 ὀνόμαζον.
1124 646 1365 727 Neubrigensis2

261 738 319 797 27:
342 737 431 814 copias
450 751 517 813 paee
529 737 619 791 rcum
630 736 735 816 uocanti

263 848 412 973 cotoihbhh
424 844 811 984 {kauprrppitpptepndprpppppp
824 844 991 969 :hlsspplupntps
1003 846 1367 985 Rghhnsiithhihlhimelihhlhitiz

262 985 387 1040 incendiis
402 984 491 1036 urbem
505 989 667 1047 tutarentur,
691 1001 725 1036 ex
742 983 867 1037 Suetonio
885 993 912 1037 et
929 984 1012 1037 Dione
1028 985 1183 1039 demonstrat
1202 990 1367 1058 Dempeterno

261 1058 324 1109 Ant„
343 1054 420 1106 Rom.
438 1055 456 1107 7
473 1052 516 1107 34.
550 1053 592 1106 hic
609 1054 782 1120 cognoscebat
798 1052 831 1106 de
854 1053 1035 1117 incendiariis.
1059 1054 1175 1122 turibus,
1198 1060 1367 1127 receptatori-

262 1126 312 1178 bus
329 1130 357 1175 et
373 1121 429 1174 eliis
447 1139 494 1191 per
509 1121 567 1175 vias
584 1127 611 1175 et
628 1122 718 1175 domos
734 1121 850 1175 admissis
865 1121 985 1191 nagida,
1009 1122 1057 1175 nisi
1077 1126 1148 1176 forte
1169 1142 1245 1195 quarn
1269 1127 1367 1179 atrocia

264 1196 415 1259 famosaque
432 1192 533 1253 forent,
550 1195 581 1243 ut
598 1190 631 1244 ed
648 1190 721 1244 urbis
738 1192 899 1261 praefectum
916 1192 1095 1259 deterrentur,
1115 1193 1149 1245 de
1183 1194 1256 1247 uibus
1275 1196 1367 1248 Pauci·

263 1263 344 1316 roilus
361 1261 388 1312 in
404 1260 531 1313 Notitiam
549 1259 666 1313 Orientis
682 1278 707 1313 c.
725 1262 770 1317 27.
805 1260 885 1313 officii
909 1260 1053 1313 huiusmodi
1069 1212 1182 1315 tribunai
1199 1264 1274 1334 Cpoli
1287 1264 1368 1317 fuisso

265 1323 472 1401 dpouppotpoudv
494 1325 675 1398 δικαστήριον
698 1334 820 1382 vocatum
843 1347 876 1383 ex
898 1330 982 1382 Alexii
999 1330 1122 1384 comneni
1138 1332 1208 1386 Nov.
1232 1332 1296 1385 luris
1314 1334 1368 1386 GR

263 1412 327 1454 tom.
343 1402 361 1453 2
378 1397 491 1450 coniicio.
527 1398 595 1452 aliae
618 1397 722 1467 vigiliae
744 1406 820 1453 erant
841 1398 867 1451 in
889 1398 998 1466 castris,
1027 1400 1060 1455 de
1084 1401 1177 1469 quibus
1200 1400 1369 1471 Dempsternn

265 1470 334 1522 idem
353 1468 451 1531 1013,
468 1483 576 1536 querum
591 1467 728 1538 appellatio
763 1468 908 1520 rofertura
928 1466 1038 1521 Graecis
1056 1467 1152 1539 βίγλα,
1169 1471 1275 1523 Graece
1290 1470 1369 1538 mogh

267 1556 285 1591 n
302 1538 445 1589 Simoentis
460 1532 553 1605 σκοπή
586 1486 768 1606 octasemi:
784 1530 930 1604 ἒπισκοπή.
964 1538 1128 1607 praefectus,
1148 1532 1180 1600 ὃς
1192 1540 1243 1607 τῆς
1258 1533 1369 1593 ἐπισκο-

266 1608 323 1676 πῆς
339 1602 389 1667 τὰς
407 1600 535 1673 φρουρὰς
550 1574 740 1674 ἐγχειρίζεται,
766 1604 847 1658 eidem
873 1606 1030 1659 Simooattee
1049 1609 1064 1659 1
1084 1608 1118 1671 9,
1140 1608 1305 1677 praefectus,
1328 1608 1369 1660 iu·

268 1693 361 1745 quarn,
379 1690 466 1727 earum
477 1671 678 1743 Bpovpyoipsoc,
693 1674 763 1743 quod
780 1691 812 1727 ex
829 1674 935 1727 militum
952 1675 1050 1744 drungo
1062 1676 1117 1728 sive
1128 1683 1211 1729 turma
1223 1678 1370 1746 (dporippoe

269 1745 336 1798 enim
352 1751 436 1797 turma
453 1748 502 1809 est)
519 1743 702 1797 conflarentur.
738 1744 771 1796 de
790 1742 846 1797 eino
870 1744 1009 1797 ministerio
1030 1751 1119 1799 auctor
1141 1744 1168 1797 in
1191 1747 1369 1815 sequentibnse

269 1812 417 1866 denomino
442 1812 516 1865 docte
538 1813 648 1882 fuseque
669 1812 817 1881 [rigaltius.
841 1812 984 1880 Meursius,
1008 1815 1167 1880 cromerus,
1193 1815 1370 1885 Bullengesus,

268 1882 400 1935 Fabrotus
423 1882 450 1935 in
468 1882 627 1947 cedrenum,
650 1886 677 1933 et
693 1881 744 1936 elii.
779 1880 891 1935 officium
907 1881 1038 1953 antiquum
1061 1891 1088 1935 et
1104 1890 1207 1937 notum:
1230 1883 1299 1937 circa
1317 1884 1369 1938 co-

269 1951 388 2023 pronymi
403 1958 519 2024 tempora
534 1968 626 2007 nornen
641 1950 752 2021 vulgure
766 1949 849 2022 primo
865 1949 990 2022 scriptum
1003 1953 1030 2006 iu
1046 1952 1207 2024 Theophane
1221 1953 1331 2025 reperio.

706 2203 915 2217 m

593 2461 914 2541 CAPUT
972 2462 1041 2539 111.

352 2713 380 2773 p.
393 2695 434 2756 10
447 2710 473 2755 r.
489 2694 519 2761 5.
552 2646 704 2773 Magnus
727 2696 932 2775 hetaeriarcha]
954 2695 1032 2777 apud
1056 2694 1176 2773 Tyrium
1193 2695 1235 2757 21
1258 2695 1298 2757 16
1317 2712 1373 2753 πιε-

268 2782 447 2861 galtriarclm.
475 2791 607 2848 emendat
632 2788 808 2848 Glossarium
825 2786 1081 2866 mogoetaeriarcin.
1101 2788 1176 2846 forte
1189 2784 1266 2845 nulla
1279 2804 1373 2843 emen-

269 2868 386 2928 datione
396 2889 469 2948 opus
481 2876 543 2950 est,
565 2875 631 2949 quia
643 2874 749 2949 Tyrius
764 2874 862 2931 forsan
877 2893 912 2931 ex
925 2872 1063 2932 communi
1080 2872 1282 2933 consuetudine
1297 2871 1375 2947 vulgi

268 2954 325 3012 hoc
341 2973 445 3013 nomen
457 2954 557 3015 extulit
570 2964 600 3017 et
613 2959 643 3016 in
661 2958 807 3016 historiam
827 2958 931 3017 intulit.
959 2964 1058 3017 notum
1076 2963 1121 3015 est
1138 2964 1231 3015 autem
1251 2976 1269 3015 a
1289 2955 1375 3033 vulgo

269 3038 357 3116 longe
371 3038 452 3098 aliter
465 3040 535 3099 haec
548 3044 616 3102 talia
628 3044 747 3121 proferri
763 3042 853 3101 solere
866 3062 951 3120 quam
964 3045 1145 3121 proferantur
1158 3040 1203 3100 vel
1216 3042 1375 3100 scribantur

271 3125 403 3184 edoctis.
421 3130 451 3183 et
465 3145 573 3204 nupera
588 3130 672 3188 etiam
685 3127 766 3204 Tyrii
788 3128 873 3186 editio
894 3129 984 3187 aviro
1004 3128 1087 3187 valde
1101 3128 1187 3186 docto
1203 3133 1301 3185 curata
1313 3125 1375 3185 vul-

272 3215 372 3287 gatam
392 3208 540 3271 lectionem
560 3215 671 3272 retinet.
703 3212 831 3272 Codinus
857 3213 925 3273 dicit
945 3234 1010 3271 eum
1029 3212 1237 3272 hetaeriarclsam
1259 3213 1374 3287 dictum,

273 3297 352 3371 quod
368 3294 520 3374 ἑταίρους,
542 3304 625 3359 socios
642 3305 669 3358 et
683 3303 798 3374 amicos,
812 3296 943 3356 Romano
958 3298 1075 3376 imperio
1089 3305 1217 3377 pararet,
1237 3298 1375 3375 susceptis

271 3382 358 3439 etiam
380 3384 515 3460 profugis.
543 3384 589 3443 alii
611 3385 647 3445 ab
664 3385 799 3459 letacro'o,
819 3383 930 3442 militari
954 3384 1083 3460 cohorte,
1111 3402 1176 3442 eum
1201 3382 1256 3442 hoc
1272 3402 1375 3442 nomen

270 3466 413 3545 accepisse
429 3475 591 3544 autumant3
619 3470 697 3529 cuius
722 3470 845 3529 cohortis
867 3469 972 3528 mentio
992 3470 1069 3547 apud
1090 3466 1225 3527 Ioannem
1246 3468 1376 3545 cnropa-

268 3549 358 3609 latam
371 3552 401 3609 in
415 3552 552 3613 Michaele
572 3556 724 3633 Rancabe,
745 3562 776 3614 et
795 3554 898 3633 duplex
916 3558 994 3632 erat,
1014 3554 1105 3613 maior
1127 3559 1157 3612 et
1175 3554 1282 3613 minor:
1302 3552 1374 3611 illius

270 3636 329 3692 dux
342 3640 373 3693 et
386 3639 544 3714 praelectus
558 3661 678 3719 magnus
693 3641 886 3701 hetaeriarcha
901 3642 1011 3719 dictus,
1025 3640 1107 3699 huius
1131 3638 1261 3699 absolute
1278 3640 1375 3701 hetae-

268 3719 385 3779 riarcha
405 3724 519 3783 consule
537 3726 719 3787 Glossarium.
794 3732 799 3739 ’

340 3836 454 3889 Gotthos
485 3837 546 3891 belli
585 3839 671 3893 socios
700 3839 896 3895 constantinum
931 3841 982 3895 sibi
1018 3838 1162 3893 adiunxisse
1192 3856 1224 3893 ao
1250 3840 1376 3909 foederu-

271 3910 313 3957 toa
334 3905 464 3959 vocitasse
487 3907 576 3961 scribit
600 3908 757 3975 lornandes3
775 3917 899 3963 renovato
918 3909 1011 3963 deinde
1029 3927 1086 3962 cum
1101 3908 1134 3962 iis
1153 3907 1258 3963 foedere
1279 3910 1311 3961 ad
1328 3926 1377 3961 sua

321 3988 354 4026 ue
370 3979 488 4045 tempora
504 3993 687 4047 perseverasse
703 3997 790 4033 eorum
806 3980 906 4047 agmina
922 3980 1013 4032 subiun
1032 3978 1063 4031 ’t.
1099 3984 1172 4030 erant
1188 3977 1376 4031 foederatorum

270 4058 356 4096 socae
372 4042 433 4096 illae
448 4052 549 4098 turmae
570 4047 598 4099 in
622 4047 725 4100 Tiberii
745 4051 850 4101 secundi
875 4049 982 4102 castriso
1013 4043 1156 4133 ocyopoiooe
1184 4042 1238 4116 peip
1261 4044 1375 4115 σώματα

270 4105 396 4166 toronos
410 4108 559 4183 κατέστησε
575 4112 733 4185 στράτευμα
747 4115 788 4181 εἰς
803 4113 894 4185 ὄνομα
912 4118 1004 4184 ἴδιον,
1019 4111 1164 4184 αμφιᾶσας
1175 4115 1225 4171 καὶ
1236 4115 1376 4171 καθοπλί-

271 4198 323 4243 σας
341 4176 460 4252 αὐτούς,
496 4180 606 4246 aonides
620 4182 771 4241 δεκαπέντε
806 4182 934 4249 δεδωκώς
950 4181 1046 4247 αὐτοῖς
1059 4183 1109 4237 καὶ
1124 4181 1279 4255 στρατηγὸν
1290 4188 1374 4238 Μαυ-

275 4250 367 4317 ptmov
382 4246 434 4305 τόν
457 4203 565 4322 cippos
586 4254 642 4307 τῶν
666 4224 854 4322 poodspoicmv.
886 4257 951 4309 haec
966 4256 1048 4307 ferme
1065 4254 1096 4307 ad
1113 4253 1221 4308 verbum
1239 4274 1272 4309 ex
1286 4256 1376 4309 Theo·

274 4321 361 4389 phane
377 4320 526 4392 cedrenus,
543 4324 612 4399 opud
630 4340 705 4394 quem
721 4324 834 4381 Leonem
851 4325 997 4384 Armenium
1014 4322 1192 4395 aNicephoro
1204 4320 1312 4396 κόμητα
1323 4325 1377 4379 τῶν
