3075 4867
562 285 610 355 m
637 284 785 355 nonnul
810 286 896 353 CAP.
917 286 963 355 V.
1235 284 1310 361 265

209 446 358 535 Βρεταμῶν
372 446 506 518 legendum
524 450 683 535 agnosceret
723 447 774 503 ism
796 448 845 504 sub
867 447 994 532 btlcbaels
1010 446 1176 519 Papblsgoue
1191 452 1312 505 Graeco-

208 536 269 642 iiii
283 516 823 657 tiltitllt‘l'„tltltbltitltt
834 519 1116 656 triblc‘ttllt
1135 524 1313 644 illidii?

210 657 270 725 gulo
288 656 394 709 donatos
410 657 517 725 legimus
535 654 574 719 είς
590 657 813 725 παραχειμασίαν
830 653 861 710 έν
876 657 917 724 τῷ
941 657 1044 724 θέματι
1064 657 1121 709 τῶν
1145 658 1312 731 Θρμκηυίων

211 722 438 795 διεσπαρμένους.
473 717 637 779 οἷκόλοαθον
661 741 747 779 eorurn
775 726 864 779 ducem
880 734 1002 781 memorat
1013 725 1079 777 idem
1096 726 1122 778 iu
1140 726 1311 783 Constantino

208 796 395 861 lllorromacbo,
412 794 456 849 ubi
471 811 489 847 a
505 796 612 848 Francis
630 812 676 848 eos
692 813 797 850 nutriero
814 795 961 863 distinguit,
985 794 1046 848 licet
1062 796 1177 862 nmisque
1191 793 1311 852 ἀκόλου-

210 866 269 917 θον
292 865 398 917 eundem
424 864 573 933 praeficiat:
597 859 613 917 δ
640 859 766 936 βασιλεύς
790 858 842 919 τόν
866 858 1028 918 ἀκόλουθον
1044 862 1159 950 Μιηαὴλ
1174 884 1311 935 μεταπεμ-

210 930 337 999 ψάμενος
352 926 380 995 ές
390 928 516 1053 ydem
532 926 679 1001 ἐκπέμπει,
697 926 729 993 ὃς
746 928 808 987 ἐκεῖ
819 930 965 1002 γενόμενος
987 929 1036 986 καλ
1056 950 1122 997 τους
1144 932 1311 1004 διεσπαρμέ-

211 1020 279 1064 νους
296 995 326 1055 έν
342 1002 377 1072 τῇ
416 1001 498 1075 αλδίηι
515 1000 564 1055 καὶ
578 998 600 1054 Ἰ
602 1000 685 1073 βηρίμ
706 999 851 1071 Φρύγγους
864 999 912 1056 καί
929 998 1091 1071 Βαρύγγους
1113 1000 1215 1075 οἶγόγη.
1250 1006 1311 1059 exin

213 1070 307 1123 Franci
332 1071 380 1124 sub
404 1071 494 1123 eodem
519 1070 615 1124 vexillo
641 1086 696 1123 cum
722 1068 850 1138 Barangis
866 1072 1002 1138 militantes
1019 1088 1050 1124 ac
1066 1072 1160 1126 eisdem
1178 1074 1253 1127 armis
1270 1076 1313 1127 iu-

211 1140 303 1193 structi
319 1140 388 1193 inter
405 1141 488 1193 Barsa
507 1157 535 1194 os
551 1139 671 1194 recensiti
687 1158 768 1211 penes
784 1141 902 1193 Nicetaru
920 1143 947 1205 in
961 1141 1051 1194 Alexio
1065 1144 1095 1195 2:
1111 1140 1160 1195 καλ
1171 1139 1313 1211 γνωσθέν·

211 1224 257 1271 τες
277 1204 356 1274 παρῶ
379 1226 455 1271 τινος
482 1157 568 1263 farios
592 1204 784 1277 φυλάσσοντος
806 1204 919 1280 (γένυας
944 1200 1027 1274 οδτος
1049 1210 1102 1265 τού
1117 1208 1311 1282 πελεκνφόρου
1421 1245 1426 1253 ·

210 1276 620 1351 Κελτικυῦυυλλαμβύνονται.
1171 1306 1176 1313 ·
1396 1289 1402 1298 “

294 1392 332 1451 ib.
346 1408 372 1449 v.
387 1390 415 1455 5.
437 1392 519 1453 cellas
532 1408 617 1471 porro
625 1410 728 1453 nomen
740 1392 813 1452 adeo
823 1391 1029 1452 recentioribus
1037 1392 1154 1454 Graecis
1170 1396 1263 1455 arrisit
1278 1403 1312 1457 ut

210 1476 240 1533 id
265 1478 350 1535 etiam
368 1477 407 1535 ad
426 1479 603 1558 imperatoris
623 1478 754 1539 tonclave
774 1479 965 1559 traduxerint,
985 1486 1019 1539 ut
1038 1479 1134 1539 videre
1154 1488 1199 1542 est
1215 1483 1260 1541 bic
1280 1489 1310 1543 et

211 1561 281 1621 alibi
293 1563 406 1641 saepius
420 1564 498 1643 apud
514 1564 663 1623 Codinum.
787 1563 790 1566 ’

278 1684 342 1736 ibid.
367 1684 488 1737 excubias
510 1691 616 1753 agentes
637 1684 752 1753 Beraugi
777 1684 810 1738 ad
827 1684 894 1738 sacri
911 1685 1019 1738 cubiculi
1038 1686 1107 1741 iores
1124 1687 1240 1758 vigilant.
1266 1707 1311 1745 eos

209 1752 269 1805 inde
295 1752 390 1823 repulit
409 1754 585 1818 Andronicus,
606 1760 639 1806 nt
662 1756 770 1807 molosso
798 1754 838 1807 cni
863 1754 1009 1807 confidebat
1027 1755 1141 1826 corporis
1159 1760 1313 1829 praesidium

210 1822 383 1892 permitteret:
409 1820 438 1875 oi
457 1818 508 1909 μέν
530 1816 583 1889 γὰρ
609 1819 855 1891 σωματοφύλακες,
879 1824 916 1875 ait
931 1824 1041 1877 Nicetes
1058 1826 1085 1877 iu
1104 1827 1158 1879 eius
1175 1828 1232 1880 vita
1247 1830 1312 1896 λλ,

209 1890 256 1943 καὶ
275 1885 433 1958 δορυφόροι
451 1885 564 1945 αποθέν
581 1906 638 1943 που
655 1891 706 1943 τού
731 1890 875 1961 βασιλικοῦ
896 1893 1029 1955 κοιτῶνος
1049 1891 1151 1957 νυκτός
1171 1915 1224 1949 κατ
1244 1893 1313 1951 ανά-

212 1960 312 2028 ζοντο,
335 1954 351 2011 δ
378 1954 410 2012 δέ
432 1977 461 2027 γε
478 1955 553 2013 κύων
571 1954 641 2025 πρός
658 1964 720 2021 ταῖς
736 1956 840 2024 θύραις
856 1956 977 2015 ἐδέδετο.
1013 1964 1126 2016 excubiis
1139 1965 1241 2018 liberatr
1258 1975 1315 2020 sta-

209 2028 304 2080 tionem
321 2028 377 2081 luco
394 2028 463 2081 dicto
480 2029 611 2081 Excubitor
629 2028 777 2097 deputatam
796 2030 940 2095 habebant,
967 2030 1005 2083 ait
1029 2032 1146 2086 Zonaras
1169 2033 1195 2086 in
1218 2036 1314 2088 Ioanne

210 2098 356 2148 comneno:
380 2092 410 2149 ολ
426 2093 565 2166 Βόραγγοι
581 2092 680 2165 τὴνὲν
697 2106 757 2158 τοῖς
771 2093 954 2168 Ἐξκουβίτου
971 2098 1144 2167 διειληφότες
1161 2096 1248 2170 ὁδόν,
1266 2100 1313 2157 ἔν-

209 2168 307 2233 θαπερ
328 2160 439 2227 τούτοις
459 2164 508 2219 καὶ
532 2162 552 2235 ἡ
577 2166 743 2234 κατοίκησις.
777 2168 845 2219 uude
866 2168 975 2237 antiquis
1000 2171 1189 2223 excubitoribus
1213 2174 1314 2225 vocatis

209 2234 346 2319 barangos
363 2235 516 2317 successisse
532 2252 583 2287 uon
600 2235 767 2287 diffitendum.
804 2237 889 2288 clares
907 2238 1004 2289 urbium
1022 2238 1057 2290 ad
1079 2255 1144 2308 quas
1166 2240 1314 2325 divertebat

208 2306 515 2439 λ’λὲῶέδῖςξῖῗόιῖλξ
528 2320 595 2433 tlt}
610 2304 1314 2446 iiiissiiiir‘iffiiaiiiiiiiiisiaiiiyiff

150 2462 156 2471 ·
209 2444 270 2510 priv
292 2435 421 2506 (τούτους
442 2436 495 2511 γαρ
521 2436 590 2501 ἔθος
611 2436 647 2494 τοὶ
664 2441 785 2509 κλεῖθρα
801 2442 857 2493 τῶν
874 2437 982 2495 πόλεων
999 2440 1075 2497 ἔνθα
1092 2435 1129 2497 ῶν
1145 2441 1311 2516 ἀποδημοίη

211 2504 339 2581 βασιλεὺς
354 2504 490 2578 κατέχειν)
504 2504 606 2577 ’Λρήγω
621 2502 745 2561 ἐκέλευσε
762 2507 966 2577 παραδιδόναι.
1001 2527 1047 2565 cur
1062 2529 1127 2567 vero
1143 2516 1257 2585 Bnrsugi
1271 2516 1315 2570 di-

210 2586 330 2633 careutur
348 2579 426 2648 Angli
443 2579 623 2647 excubitores,
642 2576 748 2629 dixiums
766 2578 799 2630 ad
814 2578 996 2651 curopalatum
1012 2582 1081 2636 notis
1097 2600 1125 2653 p.
1141 2584 1202 2639 808.

296 2722 324 2783 p.
336 2702 377 2763 87
390 2719 417 2761 τ.
427 2706 457 2766 7.
484 2698 641 2759 stationarii
666 2698 779 2776 milites]
802 2704 992 2779 παραμυνυί,
1019 2699 1101 2781 παρῶ
1123 2700 1156 2768 τό
1176 2706 1312 2787 παραμέ-

212 2807 293 2861 νειν,
315 2786 395 2861 quasi
408 2785 595 2845 mansionarii.
613 2790 728 2843 vertunt
742 2791 836 2843 tamen
854 2787 930 2845 docti
945 2790 1140 2868 stationarios,
1161 2794 1228 2867 quia
1243 2794 1314 2854 baec

212 2890 267 2930 vox
281 2872 374 2949 aptius
389 2872 518 2949 exprimit
536 2871 566 2927 id
588 2871 666 2944 quod
688 2869 789 2928 milites
809 2871 848 2929 illi
868 2880 967 2949 erant,
989 2892 1073 2949 quam
1093 2875 1178 2936 dictio
1200 2883 1314 2938 mansio

185 3020 188 3022 ,
211 2959 313 3015 πυτίαι.
336 2956 373 3014 δέ
385 2956 505 3014 excubiis
523 2954 619 3031 palatii
633 2959 662 3013 et
679 2955 756 3013 urbis
780 2957 877 3015 itidem
897 2958 1063 3035 Cpolitanae
1081 2961 1204 3040 lepidam
1224 2964 1315 3023 histo-

210 3042 282 3100 riam
292 3041 414 3101 invenies
428 3041 504 3119 apud
517 3039 724 3120 Luitprandum
740 3040 948 3102 Ticincuseml
963 3048 978 3106 1
996 3064 1089 3103 rerum
1102 3066 1153 3126 per
1170 3046 1316 3129 Europam

212 3132 375 3205 gestarum,
393 3148 416 3187 c.
428 3130 447 3190 3
462 3146 490 3185 ιι.
502 3124 531 3189 4.

240 3246 243 3251 ’
281 3248 345 3304 ibid.
374 3249 436 3302 festi
458 3242 635 3320 pervigilium,
658 3246 728 3319 quod
751 3248 923 3303 celebritatem
945 3240 1093 3320 παραμέση
1122 3260 1247 3324 namot,
1272 3272 1316 3309 re-

213 3318 370 3372 centioribus
388 3326 429 3371 est
443 3313 603 3387 παραμονή.
636 3316 759 3371 satellites
778 3334 879 3389 quoque
902 3318 1042 3388 principem
1064 3319 1159 3389 ubique
1181 3332 1316 3379 manentes

213 3394 242 3439 et
266 3394 467 3459 exspectantes,
485 3384 706 3457 παραμένοντες,
731 3392 758 3440 st
780 3402 839 3441 eum
861 3386 951 3442 adase
974 3394 1119 3456 mouentes,
1143 3394 1316 3461 παραμυνῶν

213 3458 410 3530 appellationem
425 3464 580 3509 meruerunt

226 3574 229 3581 ’
282 3569 318 3621 it.
335 3586 360 3621 v.
377 3570 404 3622 9.
421 3562 521 3636 ἄλογα]
538 3565 606 3637 quod
619 3567 776 3620 irrationale
789 3566 956 3636 quodcunque
972 3566 1150 3637 significabat,
1173 3586 1241 3624 nune
1258 3574 1317 3642 epus·

213 3636 348 3706 speciatim
365 3642 406 3689 est
420 3637 541 3689 iudicium
559 3631 678 3706 ἄλογον,
698 3642 727 3688 ut
752 3637 819 3690 inter
835 3636 993 3690 irrationalia
1009 3640 1234 3696 communissimus.
1272 3642 1318 3695 nbi

214 3712 305 3760 auctor
322 3704 411 3759 ἵππον
428 3714 544 3759 correcte
560 3706 663 3775 scribit,
686 3705 803 3759 hodonis
824 3704 962 3761 diversitas
985 3708 1136 3777 frequenter
1153 3704 1258 3780 ἄλογον
1273 3728 1318 3765 re-

212 3776 301 3846 posuit
313 3775 339 3827 in
356 3776 536 3848 superioribus.

284 3886 350 3943 ibid.
367 3880 500 3957 φέροντος
516 3880 567 3949 τός
583 3882 712 3954 σπάθας]
730 3885 865 3954 Gregsras
881 3886 902 3941 l.
918 3889 951 3943 tls
973 3888 1030 3942 τῶν
1055 3882 1101 3948 dd,
1113 3886 1178 3956 scol
1204 3882 1318 3961 βασιλέα

214 3957 414 4025 πελεκοφόρων
430 3954 480 4011 καὶ
490 3956 663 4023 στρατιωτῶν
674 3952 721 4007 καλ
733 3950 898 4023 ξιφηφόρων
910 3954 1141 4024 καταδαρθάνειν
1152 3956 1316 4027 μελλόντων.

217 4028 383 4093 στρατιῶται
410 4026 457 4079 bio
475 4024 645 4094 παραμοναί.
681 4029 754 4077 Anna
777 4023 908 4078 comnena
933 4027 950 4080 l.
967 4028 986 4080 2
1002 4026 1036 4081 ad
1055 4034 1192 4081 extremam
1210 4028 1318 4079 calcamr

216 4091 380 4163 συναγωγῶν
396 4089 462 4156 τούς
479 4088 526 4149 ἐπὶ
546 4094 602 4148 τῶν
619 4088 701 4160 ῶμων
717 4086 752 4145 τό
778 4091 847 4162 ξίφη
867 4094 1083 4161 κραδαίνοντας.
1116 4095 1240 4150 satellites
1261 4095 1319 4146 illos

215 4163 342 4235 bicapnlie
359 4164 478 4229 ensibus,
495 4163 588 4233 ineptis
606 4164 650 4233 qui
667 4162 701 4215 ad
717 4162 785 4215 latus
801 4164 993 4233 appendantur,
1015 4165 1157 4235 exindeque
1168 4164 1205 4230 'ad
1220 4180 1336 4227 manum,

217 4238 246 4284 et
262 4248 342 4301 supra
359 4234 479 4285 humeros
491 4231 627 4301 gerendis,
652 4239 763 4285 armatos
779 4233 934 4303 putaverim.
968 4235 1012 4300 id',
1037 4233 1064 4286 ni
1081 4252 1121 4286 me
1138 4232 1321 4299 tulissemus,

217 4309 331 4371 arguunt
347 4310 449 4358 veteres
466 4301 606 4357 satellitum
623 4301 738 4371 picturae
755 4309 785 4355 et
799 4302 966 4358 monacas
981 4304 1082 4358 iamim
1098 4304 1191 4357 lectae.
