3075 4867
245 269 324 341 222
400 262 613 337 auersum
629 261 836 333 ltu-Gom
854 260 1189 333 COMMENTARIUS

243 430 356 500 aliisque
369 426 499 485 nanml'a
513 424 700 512 “plagibus
716 422 992 510 zpwanlaiaquqrris
1007 426 1122 494 decret,
1137 422 1350 549 'capparonu-

244 500 317 562 daar
331 500 388 553 sive
403 497 676 567 zpaaauladaqcuuc,
699 497 791 565 qubus
807 510 871 549 eura
888 496 952 549 laur
967 497 1082 565 figuras,
1102 512 1170 567 quae
1197 497 1287 567 parire
1304 514 1351 550 re-

1268 550 1276 567 Ι

247 579 340 640 ceptus
355 563 470 636 φύλλοις
484 563 534 619 sal
549 563 664 627 ιιίιίδιις
678 560 907 634 πεποικιλμένον,
928 567 1004 635 saliis
1021 574 1047 619 et
1066 568 1227 619 ramunculis
1243 567 1351 619 carium

246 639 363 691 reddum
378 644 405 689 et
420 637 582 689 distinctam.
616 630 695 703 ᾇίζας
709 636 743 687 ab
759 634 871 704 implexa
887 652 919 687 ac
934 652 983 687 aaa
999 634 1103 687 ludente
1113 636 1194 688 variis
1206 636 1351 687 tramitibus

246 706 327 759 dacia
342 705 451 757 munda
464 704 563 758 scribet
585 720 704 756 numeras
728 720 839 771 sequeus
862 703 964 758 tertius.
997 711 1062 785 quot
1076 704 1141 757 eain
1155 707 1237 757 ramis
1253 705 1351 766 aureis,

244 791 299 843 qua
314 775 394 832 rectis
410 790 461 841 qua
479 772 623 838 contortis,
648 772 691 825 lric
709 772 889 825 discriminatis
906 778 933 824 et
959 772 1062 836 divisis,
1084 772 1121 825 ibi
1136 774 1211 825 simul
1228 772 1352 836 calleatis,

245 860 313 895 nunc
330 842 527 907 enascentibus,
544 841 607 896 alibi
624 842 748 893 mestis
766 841 810 893 vel
825 840 935 895 iucunde
953 840 1145 908 desinentibus,
1161 842 1246 911 pingit
1260 858 1292 894 ac
1302 858 1352 893 ra·

246 912 298 965 riat
314 912 467 964 materam?
500 910 542 962 hic
557 916 645 963 uuum
668 927 720 963 aon
743 910 832 963 ιίιιννι
856 909 903 962 sed
924 910 1087 963 characteres
1107 926 1213 978 emeca,
1236 910 1352 979 gerentis

245 997 338 1033 nomen
356 980 544 1050 exprimentes,
559 974 587 1032 ii
603 980 654 1034 iura
670 978 732 1050 pilei
746 996 809 1045 ora,
825 978 847 1030 si
862 978 950 1045 lubet,
967 980 1103 1033 mutabis
1119 988 1267 1045 exemtus„

333 1114 361 1173 p.
375 1096 414 1158 13
424 1111 451 1151 v.
463 1096 491 1157 8.
507 1089 917 1171 acapartiuavfimbriatuma
927 1098 1067 1169 syrmate3
1081 1111 1138 1169 quo
1148 1095 1260 1153 nomine
1269 1092 1355 1153 iutel-

246 1178 307 1257 ligo
321 1180 455 1254 utrinque
474 1178 665 1255 dependentia
677 1197 712 1236 ex
731 1180 836 1238 saiada
858 1199 909 1237 seu
924 1178 998 1256 pileo
1013 1180 1094 1254 quasi
1111 1178 1228 1237 reticula
1244 1180 1342 1237 seusu

248 1263 371 1338 uiculos3
394 1282 483 1343 quos,
503 1264 527 1320 si
542 1261 637 1341 lubet,
658 1264 744 1322 oculis
759 1266 896 1343 inspicere
916 1265 1023 1342 poteris
1036 1265 1067 1322 in
1080 1263 1170 1322 tribus
1185 1263 1357 1341 imaginibus

251 1352 470 1427 imperatorum,
491 1366 564 1423 quae
583 1349 711 1407 suuntur
731 1350 814 1409 initio
838 1348 991 1428 Nicephori
1013 1349 1158 1425 Gregorae
1177 1369 1212 1408 ex
1231 1350 1358 1407 editione

249 1434 508 1500 Basileensi1562.
524 1451 583 1491 non
595 1433 727 1491 absimilis
741 1442 786 1493 est
804 1436 928 1513 effigies,
950 1453 1034 1509 quam
1050 1434 1131 1492 uobis
1148 1434 1356 1511 Tarcograecia

250 1524 454 1598 repraesentat.
489 1514 783 1600 χρυσοκλαβιιρικόν,
813 1518 1028 1601 σνρματὲϊνον,
1054 1524 1089 1577 ut
1114 1539 1173 1581 nou
1197 1520 1356 1579 reserantur

252 1625 317 1665 cum
326 1605 407 1664 Iunio
417 1605 454 1661 ad
469 1603 597 1662 vacculam
607 1598 757 1685 decipere,
777 1607 829 1664 sed
843 1608 881 1664 ad
900 1606 993 1683 ipsum
1008 1606 1140 1664 scudion.

323 1727 388 1780 illd.
422 1718 513 1792 rippa
528 1725 565 1778 nil
581 1726 663 1782 miuus
679 1743 755 1795 quam
768 1726 836 1794 pilei
850 1728 961 1780 reticula
979 1742 1025 1780 sea
1047 1728 1178 1794 marlae
1200 1726 1298 1791 refert,
1324 1728 1356 1777 ut

254 1796 290 1851 ab
306 1813 337 1848 eo
355 1794 437 1865 pileus
451 1794 509 1863 ipse
527 1802 647 1849 nascatur
664 1798 832 1863 fimbriatum:
856 1796 952 1849 rectius
973 1812 1030 1847 cum
1047 1796 1160 1847 Graecia
1175 1795 1297 1848 hodierna
1312 1794 1356 1847 iu-

254 1861 437 1933 terpretaberis
454 1880 548 1917 aarum
566 1866 676 1932 ductile,
696 1882 807 1933 aarum,
824 1865 941 1935 iuquam,
957 1864 987 1916 ιἰι
997 1866 1053 1933 fila
1068 1865 1154 1917 salida
1171 1872 1301 1933 tractum,
1324 1879 1356 1915 ar

254 1936 338 1997 erait,
354 1934 392 2000 fil
408 1934 476 1984 d'or.
510 1932 617 2000 solidum
634 1934 701 1997 uiri,
724 1935 774 1987 hoc
796 1941 836 1987 est
863 1934 975 1989 noudum
991 1934 1064 1985 molis
1088 1940 1187 2014 tusum,
1212 1932 1357 1999 exindeque

254 2003 338 2056 serico
354 2001 398 2055 ssia
416 2000 634 2068 superinductum.
666 2000 853 2071 σνρμαιὲϊνον
869 2004 958 2071 itaque
974 2019 1039 2073 opus
1056 2008 1097 2054 est
1106 2019 1203 2055 aurern
1216 2002 1261 2053 fila
1271 2000 1355 2054 solida

253 2070 332 2123 ducto
349 2070 515 2140 compositum
531 2070 574 2124 rel
591 2071 702 2140 pictum,
726 2072 803 2141 quale
825 2072 951 2143 despatae
967 2088 1057 2125 nomeu
1074 2070 1101 2123 iu
1117 2070 1173 2125 eius
1189 2070 1258 2141 pileo
1274 2071 1357 2141 phry-

255 2139 360 2210 gionica
375 2154 451 2197 uana
465 2139 617 2197 delineatur.

338 2252 403 2314 ibid
444 2252 559 2332 ινσεῖα]
586 2255 627 2313 ita
651 2251 721 2333 legit
746 2252 860 2335 Iunius,
880 2260 910 2313 et
933 2260 1032 2337 apicem
1056 2255 1275 2335 interpretatur,
1298 2270 1357 2330 quo

253 2339 366 2399 nomine
391 2338 524 2416 intelligit
545 2343 701 2419 eupaimem
724 2342 824 2401 sdadii
843 2346 964 2420 partem,
984 2344 1015 2400 in
1042 2362 1134 2401 canum
1167 2346 1358 2417 assurgentem,

250 2424 449 2503 fastigiatam
475 2425 645 2500 deducitque
666 2424 793 2483 voculam
811 2432 930 2501 acaria,
955 2420 1037 2507 aspri
1056 2422 1091 2488 cd
1112 2426 1235 2501 τείνειν,
1262 2446 1282 2484 ιι
1297 2430 1360 2483 teu·

256 2508 349 2573 decdo.
370 2510 401 2567 in
417 2508 506 2568 altero
516 2510 611 2568 codiee
620 2510 755 2569 Bavarico
767 2510 870 2587 legitur
886 2511 1046 2570 disiunctim
1056 2507 1092 2572 roi
1110 2516 1189 2588 acia,
1210 2512 1240 2568 in
1257 2516 1359 2568 neutm

255 2612 375 2672 genere;
395 2601 425 2653 et
439 2595 480 2653 ita
491 2594 642 2671 legendam
650 2598 722 2674 puto
747 2592 781 2675 1)
796 2597 862 2671 quia
877 2595 1007 2655 subditur
1025 2598 1056 2655 in
1069 2602 1170 2655 neutro
1183 2614 1301 2675 genere,
1321 2588 1358 2655 eci

256 2685 323 2741 acia
339 2674 390 2742 οίιι
405 2676 503 2741 suiad
516 2677 664 2759 βασιλικά.
683 2684 715 2739 et
731 2680 818 2739 infra:
841 2679 861 2744 d
875 2676 935 2761 ιῖιίρ
955 2680 1007 2743 καί
1023 2677 1060 2742 τὰ
1076 2687 1158 2757 aeia,
1181 2676 1231 2743 οἷα
1250 2680 1302 2741 καί
1320 2674 1360 2740 roi

257 2767 313 2825 τοῦ
324 2758 481 2829 δεσπότου.
503 2766 615 2841 sigum
629 2785 697 2843 ergo
709 2772 793 2825 estet
804 2767 834 2824 id
849 2768 926 2841 quod
939 2767 1096 2844 antecedit,
1117 2786 1218 2845 nempe
1231 2760 1268 2825 rai
1284 2772 1360 2838 asia,

256 2849 383 2906 neutrius
400 2850 510 2924 generis
528 2868 599 2909 esse.
630 2850 666 2928 2)
681 2852 746 2926 qiua
759 2847 797 2913 roi
819 2856 885 2913 aeia
898 2850 971 2908 Iunii
985 2871 1003 2910 a
1019 2852 1106 2913 τείνιι
1127 2871 1179 2929 pro
1196 2850 1360 2909 extensione

163 2982 168 2994 .
256 2950 360 3010 genere
371 2934 503 2991 feminino
518 2954 633 3013 prorsas
647 2936 746 3012 ignota
759 2943 789 2994 et
802 2936 936 2994 inusitata
949 2942 1001 2995 est.
1023 2938 1093 3012 quid
1105 2937 1143 2994 sit
1157 2929 1251 3007 τάσις,
1262 2954 1359 2993 omncs

258 3022 380 3077 norumt:
401 3019 471 3095 quid
489 3024 609 3094 russia,
632 3039 683 3097 per
694 3018 806 3079 Iunium
820 3040 902 3080 nemo
913 3024 1019 3095 ·n0vit;
1042 3021 1155 3081 tametsi
1176 3023 1297 3097 ingenue
1316 3020 1361 3091 fa-

258 3109 322 3161 teor
337 3122 382 3161 me
397 3110 571 3181 compertum
583 3104 753 3163 nonhabere
772 3106 840 3181 quid
857 3102 894 3167 τὰ
914 3112 979 3169 asia
993 3107 1157 3183 significent.
1179 3106 1308 3181 quocirca
1329 3105 1359 3163 ia

258 3188 386 3249 versione
400 3189 536 3247 Graecam
550 3191 701 3249 dictionem
713 3192 831 3268 retinui,
850 3193 939 3251 donec
952 3193 1003 3251 viri
1017 3190 1094 3251 docti
1107 3191 1258 3263 veljveram
1272 3190 1359 3267 signi-

261 3275 401 3335 ficantiam
412 3281 512 3335 eruant
523 3274 571 3334 -vel
582 3276 693 3334 Codino
709 3295 803 3350 veram
815 3276 962 3336 lectionem
973 3278 1133 3338 restituant.

329 3398 394 3451 tud.
426 3399 592 3467 promerebor
607 3398 668 3451 mihi
686 3399 841 3453 Gretserum
858 3399 944 3471 Allatii
961 3417 1053 3465 umes,
1070 3406 1098 3453 et
1112 3417 1200 3453 veram
1212 3400 1267 3453 cair
1280 3396 1361 3452 selua

260 3466 459 3536 significantiam
476 3484 572 3521 eruam.
606 3473 667 3525 aeia
683 3474 744 3521 suut
758 3470 828 3537 longi
846 3468 918 3521 unius
935 3471 991 3523 fere
1007 3470 1084 3538 palmi
1100 3470 1293 3538 margaritarum
1305 3477 1361 3521 tra-

262 3546 334 3602 ctus,
357 3536 425 3588 circa
444 3536 566 3606 despotae
583 3554 658 3590 aures
676 3556 692 3589 e
708 3538 776 3607 pileo
800 3538 911 3607 penduli.
946 3538 983 3591 sic
999 3540 1055 3592 lora
1071 3557 1088 3591 e
1104 3540 1251 3608 pontificum
1269 3537 1360 3605 mitris,

259 3606 335 3659 funes
351 3604 479 3657 reticulati
498 3623 513 3656 e
530 3606 692 3659 cardinalium
708 3606 798 3675 pileis,
823 3608 926 3659 inaures
947 3606 1018 3677 ipsae
1042 3626 1074 3660 ex
1097 3608 1201 3660 auribus
1218 3608 1361 3677 pendentes

259 3674 322 3729 aeia
345 3679 419 3737 sunt,
443 3675 566 3738 matilia,
591 3676 705 3728 tremula
733 3676 899 3745 pendulaque
923 3684 1088 3744 ornamenta,
1117 3672 1175 3729 cru
1199 3677 1251 3730 rori
1268 3675 1359 3729 σείειν.

261 3741 392 3794 audemia
411 3743 575 3812 patriarchae
591 3743 658 3814 pileo
675 3743 867 3813 Tarcograecia
890 3754 1020 3817 nuncupat
1041 3742 1277 3816 καμηίιινιιόίιιβα
1296 3742 1363 3815 pilei

260 3811 401 3864 manubria
416 3813 458 3864 ael
476 3830 564 3865 susas.

344 3917 381 3976 it.
397 3936 424 3975 v.
438 3922 467 3983 9.
482 3910 597 3999 κόμβος
610 3923 655 3977 cst
668 3918 762 3982 nodus.
775 3923 961 4000 compositum
975 3915 1145 4001 inscriptus,
1159 3920 1195 3978 de
1209 3940 1266 3996 quo
1279 3917 1363 3994 infra,

258 4001 328 4064 icat
337 4007 484 4079 segmenta
493 4004 590 4082 parmi,
603 4004 704 4079 quibus
714 4005 817 4064 involvi
830 4006 922 4067 solent
931 4009 1036 4065 nummi
1050 4009 1126 4065 aurei
1139 4005 1265 4083 argentei
1279 4005 1363 4080 aerei,

262 4107 334 4165 qnae
353 4088 440 4147 etiam
461 4087 566 4168 κὸμβοι
590 4090 776 4168 appellantur.
804 4092 869 4150 hinc
888 4089 1093 4174 κομβοίιίτης,
1114 4086 1364 4173 βαίαντιοτόμος.

262 4179 414 4253 {usurpatur
431 4193 545 4252 quoque
564 4172 681 4255 κόμπος
704 4196 756 4255 pro
785 4174 909 4259 κόμβος.
939 4178 1064 4254 quamvis
1084 4174 1199 4258 κόμπος
1222 4176 1365 4235 interdum

180 4304 183 4311 .
261 4259 336 4320 idem
346 4262 481 4338 estquod
495 4261 646 4322 commodus.
688 4262 839 4323 Mauricius
854 4266 931 4342 apud
947 4264 1117 4343 Rigaltium:
1137 4257 1234 4327 ιιιιλόν
1252 4259 1286 4323 δέ
1302 4258 1366 4323 iam
