3075 4867
716 5 744 41 Ψ

290 269 366 341 376
450 266 728 336 GRETSERIET
742 253 878 335 eoam
889 263 1226 334 GofflleBlUS

288 425 1341 502 mmmmmuffiaumnmvaqmrnstau
1368 443 1411 482 ae

288 509 375 556 tenor
387 498 595 554 archimandrites
626 515 661 551 an
671 495 780 567 plurium
791 496 837 550 vel
848 513 986 566 panem
997 497 1179 548 nonachorum
1191 497 1234 563 (bi
1327 505 1411 561 mant,

288 569 333 640 qn
350 575 462 622 mnne
480 568 575 620 narro
590 538 621 620 lv
643 559 719 632 ὄρεσι
734 563 785 618 ιιι
800 560 951 635 ὀπτικῆς
966 566 1017 634 γῆς
1032 565 1181 633 masna),
1198 583 1232 619 aa
1248 567 1328 619 unm
1344 565 1409 620 ιι-

289 641 336 690 baa
354 637 398 691 rel
420 638 556 690 multorum
574 635 783 690 nonasterium
804 635 841 686 sit
860 636 1019 704 guberuator
1039 651 1188 704 supremam,
1210 635 1285 688 velut
1305 637 1332 688 is
1349 635 1407 704 qui

288 707 362 761 nobis
379 706 542 778 provincialis
559 705 653 758 dicitnr
668 711 714 757 ant
731 703 870 774 generalia.
886 721 963 774 quan
978 709 1077 774 partu
1093 703 1223 767 ίυοιιυτίι,
1239 704 1338 757 nullu·
1354 705 1407 756 im-

290 793 378 830 anrrea
395 775 553 845 deceptionis
567 773 723 843 periculum
745 773 821 826 unius
836 773 905 826 enin
920 773 1074 843 quantique
1089 774 1264 843 aptiorem,
1280 774 1407 842 plurim

289 845 367 899 etiam
384 859 561 913 nonnunquam
578 842 707 910 significat
722 842 932 896 monetariorum
946 843 1098 914 pruridem.
1120 841 1197 913 primi
1211 858 1305 896 ansus
1321 842 1405 894 alhti

289 919 464 983 argumentum
483 919 522 964 est
536 911 688 980 Eutychetis
706 910 861 993 appellatio,
882 911 993 982 quaein
1012 911 1119 964 οοιιοὶΙὶο
1137 911 1344 963 chalcedonensi
1368 917 1406 962 et

288 984 356 1052 apud
379 983 561 1053 Theophanem
580 980 792 1033 archimandntae
810 986 868 1042 est,
892 981 961 1050 apud
976 980 1141 1034 'l'neodorum
1159 980 1342 1051 prohylemm
1360 979 1404 1033 dc

290 1055 394 1106 incarn.
419 1050 513 1103 domiui
536 1050 587 1102 τοῦ
610 1044 782 1118 ἡγουμέυοοι
805 1043 823 1104 d
841 1044 969 1119 Εὖτυχὴς
984 1044 1017 1112 ὃς
1030 1039 1068 1118 ἦν
1082 1043 1237 1132 ἡγούμενος
1251 1063 1402 1117 ponam·

288 1122 354 1190 aaa
371 1113 451 1188 trec.
471 1117 648 1188 inquitatem
665 1125 708 1171 aa
725 1117 807 1187 istut
824 1114 1042 1188 ἅαιυανθαῑτηι
1061 1135 1105 1188 un·
1125 1114 1298 1186 aanor.
1315 1117 1403 1170 ab·

291 1193 370 1244 colias
388 1189 539 1242 mosanarii
558 1188 654 1257 abtas,
669 1194 764 1258 paler,
780 1191 899 1256 aporior
922 1205 955 1240 oo
968 1189 1083 1241 Ιίυοιοτἰ
1100 1187 1215 1240 secundo
1232 1194 1321 1239 tamen
1334 1203 1401 1238 aen-

290 1259 332 1312 ani
343 1273 394 1310 uou
404 1258 478 1310 deest
494 1256 626 1326 multiplea
647 1257 781 1327 probatio,
795 1257 893 1326 prima,
910 1257 977 1326 quod
992 1255 1091 1327 privati
1110 1255 1259 1309 memsam
1275 1255 1401 1325 superior

291 1345 342 1381 non
387 1326 466 1379 tiatnr
485 1327 519 1379 ob
535 1325 652 1378 humilem
669 1325 741 1378 nimia
759 1334 853 1380 statum
869 1343 899 1378 aa
914 1321 1134 1393 ἅρχιμαυδρίτηυ
1147 1330 1252 1390 τοοιτίς
1270 1324 1401 1389 secuda,
1458 1352 1462 1361 ·

290 1413 341 1466 quo
375 1412 431 1449 eam
448 1403 546 1448 muham
568 1395 711 1447 susfineant
725 1395 921 1464 appellationem
938 1395 983 1463 qui
999 1395 1075 1464 plura
1089 1400 1184 1463 regma
1199 1395 1257 1447 iuro
1273 1409 1400 1464 supremo

290 1464 461 1532 monasteria,
478 1464 521 1516 vel
530 1463 573 1532 qui
585 1463 674 1516 saltem
684 1463 774 1516 maiori
784 1471 908 1532 praesunt
921 1463 1077 1516 monasterio
1086 1464 1129 1515 cui
1138 1463 1215 1534 plura
1225 1463 1401 1517 moliamur

290 1529 436 1602 μετόχοια,
458 1531 531 1585 velut
546 1531 658 1600 antiquis
676 1530 772 1584 ιιοιτιίο
789 1532 901 1584 abhath‘s
918 1532 1028 1585 minores
1044 1531 1192 1602 prioratus3
1213 1531 1309 1596 tertia,
1328 1530 1402 1600 qnod

290 1603 318 1654 in
337 1609 410 1653 textu
425 1617 501 1670 quem
523 1598 698 1652 elucubramus
721 1599 874 1669 interposita
889 1601 958 1654 iuter
973 1596 1190 1669 ἆρχιριαυδρίτας
1206 1605 1235 1652 ct
1249 1601 1403 1668 καθηγου-

290 1667 393 1739 μένους
414 1664 662 1752 ττριοτυσυγιιέιλρια
691 1667 818 1736 dignitato
843 1671 877 1724 ab
899 1669 1009 1754 insignem
1032 1669 1179 1752 longissime
1200 1669 1310 1752 differre
1327 1685 1403 1750 com-

291 1736 696 1860 htbl‘trttttittit
707 1737 1402 1876 :thimnatfflsssbfflffi

292 1891 357 1944 opus
372 1891 436 1927 rere
452 1873 609 1943 pontificium
629 1893 660 1928 eo
677 1875 729 1926 loci
744 1891 796 1944 quo
813 1876 865 1928 τοῦ
887 1869 1106 1945 ἄρχιμααδρίτου
1131 1871 1254 1927 καὶτοῦ
1276 1867 1401 1944 ἐξάρχου

292 1943 341 1997 ecl
359 1943 410 1996 τοῦ
433 1937 589 2011 ἡγουμένου
606 1939 758 2013 espidincus
775 1944 821 1996 dat
837 1944 1016 2014 spectandam,
1039 1950 1111 1997 certo
1130 1960 1182 1995 uon
1200 1950 1232 1995 ut
1255 1944 1333 1995 unius
1352 1943 1401 1995 sed

292 2021 322 2066 ut
337 2012 461 2082 plurium,
479 2029 585 2080 qnorum
602 2019 632 2065 ut
649 2029 701 2064 uua
719 2029 769 2064 non
788 2021 831 2066 est
845 2013 997 2082 appellatio,
1015 2013 1052 2065 ita
1067 2030 1117 2065 nec
1134 2029 1212 2064 unum
1227 2012 1343 2064 officium
1355 2013 1401 2063 in-

292 2082 345 2135 isse
361 2088 457 2134 temere
466 2081 612 2166 putandum
634 2089 684 2134 est.
707 2087 839 2134 caeterum
855 2098 933 2150 quem
952 2083 1150 2135 Cautacuzeuus
1168 2084 1182 2135 1
1200 2082 1238 2135 82
1250 2087 1280 2133 et
1295 2082 1335 2134 33
1348 2076 1402 2132 sris

293 2151 346 2204 τοῦ
363 2145 445 2217 ἁγίου
462 2167 547 2216 ορυυς
563 2151 675 2216 πρῶτον
691 2151 761 2203 socri
777 2153 887 2219 croatia,
908 2150 953 2203 ubi
973 2151 1047 2220 plura
1064 2149 1215 2204 monasteria
1230 2151 1352 2202 vimntrm
1371 2155 1401 2201 et

293 2219 325 2272 ad
344 2229 455 2287 quatuor
471 2219 540 2271 milia
556 2219 733 2272 monachornm
752 2219 868 2286 degunt,
889 2225 1052 2288 praefectura
1068 2226 1162 2286 vocat,
1176 2219 1252 2272 aliun
1270 2234 1331 2272 assa
1348 2235 1400 2270 nou

293 2303 355 2342 reor
373 2289 407 2340 ab
426 2305 471 2353 eo,
488 2287 585 2356 dequo
602 2305 700 2354 sermo,
715 2287 919 2342 archimandrite.

377 2403 415 2464 ab.
433 2420 460 2460 v.
478 2400 527 2463 13.
556 2405 694 2460 memorat
717 2399 763 2459 hic
778 2400 955 2479 Curopalata
972 2401 1187 2480 protomedia.
1208 2399 1307 2462 Iunius
1328 2400 1399 2478 legit

290 2487 495 2568 protocyugelor.
536 2487 758 2564 vmcooposita,
781 2485 892 2562 iuquit,
916 2505 950 2544 ιτ
962 2488 1082 2566 πρῶτος
1094 2491 1125 2544 et
1139 2481 1300 2567 odrysios,
1329 2485 1400 2565 quod

294 2593 386 2632 aooren
406 2578 445 2630 est
463 2590 512 2652 per
531 2589 658 2648 ιῃυοοραι
675 2570 777 2630 dicim
786 2589 835 2647 pro
848 2563 1047 2651 συνᾶγγελος,
1064 2570 1096 2629 a
1107 2576 1166 2648 est,
1179 2571 1297 2631 atbodie
1309 2576 1399 2648 ιιιορὺ

252 2703 255 2710 .
295 2663 427 2735 receptam
446 2662 501 2731 est,
528 2656 673 2715 cambita.
714 2655 761 2714 ced
778 2656 809 2713 ia
830 2658 870 2714 er‘c
892 2656 1019 2715 οοαιοὸίὶι
1031 2655 1257 2715 armoenia
1269 2662 1336 2716 nort
1350 2657 1399 2716 ob-

295 2741 368 2800 bales
378 2761 424 2800 cerr
435 2747 546 2818 putrer,
557 2738 739 2819 protosyngele'
749 2759 811 2799 uero
827 2761 899 2799 soree
908 2745 1013 2819 quipus.
1056 2740 1081 2799 si
1096 2742 1308 2819 protosyrrcellac
1323 2742 1398 2801 idem

295 2831 340 2884 est
361 2826 439 2899 quod
457 2825 624 2901 coenobita,
652 2831 720 2883 tunc
736 2825 827 2884 omnis
842 2826 997 2886 monachus
1015 2844 1078 2884 cum
1091 2825 1155 2882 aliis
1171 2826 1203 2883 in
1224 2827 1398 2885 monasterio

187 2921 208 2974 Ρ
226 2921 278 2982 252
296 2913 403 2986 degens
421 2909 475 2966 erit
498 2909 742 2985 protosyneellus,
764 2911 830 2984 quia
847 2912 938 2969 omnis
950 2911 1177 2969 talismonachus
1186 2912 1397 2970 astcoenobita.

295 3002 327 3054 at
346 2995 401 3052 hoc
418 2993 577 3052 inauditum
593 2999 646 3052 est.
689 2995 792 3050 deinde
810 2994 835 3051 si
851 2996 1051 3074 protosyncelli
1072 3001 1140 3054 sunt
1152 3015 1236 3054 senes
1249 2997 1356 3072 quique
1369 2998 1398 3054 in

294 3099 347 3139 sno
358 3078 473 3154 ordine,
498 3079 537 3142 ad
562 3078 632 3154 quid
652 3097 725 3156 opus
744 3077 853 3139 habent
870 3083 986 3160 propria
1000 3081 1177 3139 ordinatione
1189 3087 1219 3140 et
1233 3082 1397 3159 chirotoniu,

294 3173 330 3225 ut
345 3162 598 3225 archimandritae?
611 3169 735 3223 ‘namut
757 3165 821 3240 quis
847 3166 886 3226 sit
905 3186 992 3226 senex
1006 3171 1056 3224 aut
1072 3168 1166 3225 senior
1177 3167 1209 3224 in
1223 3188 1277 3226 suo
1291 3168 1398 3243 ordine,

294 3253 326 3310 id
350 3271 409 3310 non
423 3250 542 3328 largitur
556 3247 654 3307 electio
673 3254 702 3308 et
716 3252 889 3310 consecratio
906 3253 960 3310 sed
975 3258 1088 3331 tempus
1102 3258 1132 3310 et
1146 3257 1234 3312 aetas.

382 3336 454 3405 Quis
477 3335 564 3412 igitur
581 3335 789 3413 protoryneellur
813 3341 843 3396 et
862 3336 980 3416 simplex
1000 3336 1153 3416 synodus?
1179 3337 1246 3396 olim
1258 3334 1396 3413 syncellus

297 3418 492 3499 appellabatur
515 3420 540 3480 is
562 3421 612 3494 qui
633 3425 744 3480 mortuo
762 3422 937 3500 patriarchae
953 3440 1131 3481 successurus
1147 3428 1216 3482 erat
1237 3428 1327 3480 testas
1341 3421 1398 3478 Zo-

298 3524 382 3564 naras
404 3512 435 3564 et
451 3506 597 3562 Cedreuus
615 3505 645 3563 iu
666 3505 782 3584 imperio
799 3507 980 3568 Constantini
1001 3507 1201 3585 Monomachi,
1222 3526 1342 3583 qnorum
1353 3505 1397 3563 ille

298 3589 440 3669 explicans
462 3591 590 3668 quisnam
616 3591 693 3670 apud
715 3593 872 3652 Saracenos
893 3593 1032 3652 diceretur
1048 3594 1251 3671 seriphusseu
1263 3590 1397 3669 seriphes,

298 3676 340 3734 ita
359 3676 469 3734 scribit:
496 3667 586 3748 οὗτος
608 3669 634 3737 d'
654 3673 716 3738 ἐστὶ
729 3671 799 3760 παρ’
822 3674 924 3752 αὐτοῖς
948 3674 1022 3760 ὅπερ
1046 3673 1116 3759 παρ’
1133 3672 1212 3759 Υἡμῖν
1236 3672 1332 3740 πάλαι
1357 3667 1397 3755 ἦν

300 3757 319 3822 ὅ
336 3755 495 3841 λεγόμενος
508 3754 677 3842 σύγκελλος.
722 3759 763 3836 ὥς
782 3759 840 3846 peip
863 3758 1055 3846 dodyueliog
1073 3767 1130 3826 rori
1145 3759 1330 3844 πατριάρχου
1341 3767 1397 3823 θα-

301 3836 410 3916 νόντος
427 3845 469 3918 εἰς
486 3841 540 3908 τόν
556 3843 674 3908 ἐκείνου
694 3845 788 3911 τόπον
806 3843 1056 3925 ἀντικαθίστατο,
1077 3843 1157 3912 οὕτω
1177 3847 1229 3910 καὶ
1243 3847 1262 3911 o‘
1274 3845 1398 3928 σερίφης

301 3932 359 3992 τοῦ
382 3934 506 4004 Χυλιφᾶ
527 3929 699 4011 φθαρέντος
719 3929 774 3994 cdv
794 3929 1009 4013 τελευτήσαντα
1029 3932 1202 4014 διαδέχεται.
1228 3934 1327 3993 eadem
1343 3931 1398 3988 Ce-
1487 3920 1489 3937 '

301 4017 413 4074 sirenus.
432 4015 480 4072 ubi
496 4018 622 4074 notanda
634 4036 688 4075 vox
702 4011 810 4090 πάλαι,
829 4039 887 4095 qna
899 4022 1058 4097 significant
1076 4021 1142 4079 olim
1155 4019 1269 4096 quidem
1282 4018 1335 4076 hac
1347 4035 1397 4074 no-
1487 4056 1488 4095 3

300 4101 377 4160 tione
400 4119 502 4159 nomen
530 4100 584 4158 hoc
610 4102 743 4161 usitatum
766 4105 871 4184 fuisse,
892 4113 994 4184 postea
1015 4107 1139 4166 desiisse.
1165 4107 1206 4164 sic
1232 4102 1398 4162 Anastasius
1487 4105 1489 4119 '

302 4185 435 4246 Germani
449 4185 625 4266 patriarchae
645 4189 783 4264 syncellus
807 4191 875 4268 fuit,
896 4192 1017 4253 Cedren.
1038 4193 1068 4250 in
1087 4193 1155 4271 imp.
1174 4190 1280 4249 Leonis
1299 4187 1397 4246 Icono-

298 4271 389 4330 machi
404 4293 433 4350 p.
455 4269 525 4336 456.
546 4271 685 4349 syncellus
702 4274 769 4334 item
792 4277 846 4335 fuit
867 4277 1030 4359 Stephanus
1050 4279 1139 4338 frater
1155 4276 1259 4338 Leonis
1278 4274 1399 4354 impera·
