<?xml version="1.0" encoding="UTF-8"?>
<!DOCTYPE html PUBLIC "-//W3C//DTD XHTML 1.0 Transitional//EN"
    "http://www.w3.org/TR/xhtml1/DTD/xhtml1-transitional.dtd">
<html xmlns="http://www.w3.org/1999/xhtml" xml:lang="en" lang="en">
 <head>
  <title>
</title>
<meta http-equiv="Content-Type" content="text/html;charset=utf-8" />
  <meta name='ocr-system' content='tesseract 3.04.00' />
  <meta name='ocr-capabilities' content='ocr_page ocr_carea ocr_par ocr_line ocrx_word'/>
</head>
<body>
  <div class='ocr_page' id='page_1' title='image "./corpusscriptoru23theogoog_0304.png"; bbox 0 0 3075 4867; ppageno 0'>
   <div class='ocr_carea' id='block_1_1' title="bbox 297 314 1235 417">
    <p class='ocr_par' dir='ltr' id='par_1_1' title="bbox 297 314 1235 417">
     <span class='ocr_line' id='line_1_1' title="bbox 297 314 1235 417; baseline -0.007 -28"><span class='ocrx_word' id='word_1_1' title='bbox 297 318 373 389; x_wconf 79' lang='lat' dir='ltr'>aaa</span> <span class='ocrx_word' id='word_1_2' title='bbox 457 316 666 417; x_wconf 75' lang='lat' dir='ltr'>cnnrsnru</span> <span class='ocrx_word' id='word_1_3' title='bbox 681 316 736 384; x_wconf 83' lang='lat' dir='ltr'>nr</span> <span class='ocrx_word' id='word_1_4' title='bbox 753 314 1235 386; x_wconf 78' lang='lat' dir='ltr'>connrcoonmnrsnurs</span> 
     </span>
    </p>
   </div>
   <div class='ocr_carea' id='block_1_2' title="bbox 296 464 1422 605">
    <p class='ocr_par' dir='ltr' id='par_1_2' title="bbox 296 464 1422 605">
     <span class='ocr_line' id='line_1_2' title="bbox 296 464 1422 605; baseline 0 -70"><span class='ocrx_word' id='word_1_5' title='bbox 296 480 404 605; x_wconf 70' lang='lat' dir='ltr'>gratiam</span> <span class='ocrx_word' id='word_1_6' title='bbox 420 496 467 552; x_wconf 86' lang='lat' dir='ltr'>pro</span> <span class='ocrx_word' id='word_1_7' title='bbox 484 497 535 551; x_wconf 88' lang='lat' dir='ltr'>ops</span> <span class='ocrx_word' id='word_1_8' title='bbox 550 482 604 536; x_wconf 86' lang='lat' dir='ltr'>lats</span> <span class='ocrx_word' id='word_1_9' title='bbox 619 480 747 535; x_wconf 84' lang='lat' dir='ltr'>relaturus</span> <span class='ocrx_word' id='word_1_10' title='bbox 764 478 925 546; x_wconf 62' lang='lat' dir='ltr'>uanum,</span> <span class='ocrx_word' id='word_1_11' title='bbox 941 480 1038 549; x_wconf 84' lang='lat' dir='ltr'>templo</span> <span class='ocrx_word' id='word_1_12' title='bbox 1057 480 1148 549; x_wconf 86' lang='lat' dir='ltr'>inquo</span> <span class='ocrx_word' id='word_1_13' title='bbox 1164 478 1188 533; x_wconf 88' lang='lat' dir='ltr'>is</span> <span class='ocrx_word' id='word_1_14' title='bbox 1209 478 1325 533; x_wconf 81' lang='lat' dir='ltr'>inustus</span> <span class='ocrx_word' id='word_1_15' title='bbox 1341 464 1422 535; x_wconf 71' lang='lat' dir='ltr'>erat¹</span> 
     </span>
    </p>
   </div>
   <div class='ocr_carea' id='block_1_3' title="bbox 194 550 1401 1240">
    <p class='ocr_par' dir='ltr' id='par_1_3' title="bbox 316 550 1401 619">
     <span class='ocr_line' id='line_1_3' title="bbox 316 550 1401 619; baseline -0.002 -14"><span class='ocrx_word' id='word_1_16' title='bbox 316 558 441 615; x_wconf 81' lang='lat' dir='ltr'>astructo,</span> <span class='ocrx_word' id='word_1_17' title='bbox 464 550 533 604; x_wconf 83' lang='lat' dir='ltr'>alind</span> <span class='ocrx_word' id='word_1_18' title='bbox 550 551 753 619; x_wconf 81' lang='lat' dir='ltr'>magnificentius</span> <span class='ocrx_word' id='word_1_19' title='bbox 769 558 926 603; x_wconf 70' lang='lat' dir='ltr'>manemus</span> <span class='ocrx_word' id='word_1_20' title='bbox 941 550 1053 619; x_wconf 85' lang='lat' dir='ltr'>praediis</span> <span class='ocrx_word' id='word_1_21' title='bbox 1069 550 1167 619; x_wconf 88' lang='lat' dir='ltr'>amplos</span> <span class='ocrx_word' id='word_1_22' title='bbox 1183 550 1337 603; x_wconf 72' lang='lat' dir='ltr'><strong>habentibus</strong></span> <span class='ocrx_word' id='word_1_23' title='bbox 1354 569 1401 603; x_wconf 88' lang='lat' dir='ltr'>re-</span> 
     </span>
    </p>

    <p class='ocr_par' dir='ltr' id='par_1_4' title="bbox 298 618 1401 689">
     <span class='ocr_line' id='line_1_4' title="bbox 298 618 1401 689; baseline 0 -18"><span class='ocrx_word' id='word_1_24' title='bbox 298 620 366 672; x_wconf 91' lang='lat' dir='ltr'>ditus</span> <span class='ocrx_word' id='word_1_25' title='bbox 381 620 517 683; x_wconf 79' lang='lat' dir='ltr'>ditaverit,</span> <span class='ocrx_word' id='word_1_26' title='bbox 535 621 679 685; x_wconf 78' lang='lat' dir='ltr'>storbon,</span> <span class='ocrx_word' id='word_1_27' title='bbox 696 619 862 673; x_wconf 79' lang='lat' dir='ltr'>Encbnueiae</span> <span class='ocrx_word' id='word_1_28' title='bbox 876 636 1016 689; x_wconf 80' lang='lat' dir='ltr'>suppresso</span> <span class='ocrx_word' id='word_1_29' title='bbox 1033 619 1143 687; x_wconf 81' lang='lat' dir='ltr'>nomine,</span> <span class='ocrx_word' id='word_1_30' title='bbox 1159 618 1294 671; x_wconf 72' lang='lat' dir='ltr'>vomuerit</span> <span class='ocrx_word' id='word_1_31' title='bbox 1306 619 1401 671; x_wconf 83' lang='lat' dir='ltr'>Theo-</span> 
     </span>
    </p>

    <p class='ocr_par' dir='ltr' id='par_1_5' title="bbox 194 687 1400 827">
     <span class='ocr_line' id='line_1_5' title="bbox 194 687 1400 770; baseline -0.002 -29"><span class='ocrx_word' id='word_1_32' title='bbox 194 692 199 701; x_wconf 89' lang='lat'>&#39;</span> <span class='ocrx_word' id='word_1_33' title='bbox 298 688 449 770; x_wconf 82' lang='lat' dir='ltr'>doropolirn.</span> <span class='ocrx_word' id='word_1_34' title='bbox 484 688 569 743; x_wconf 82' lang='lat' dir='ltr'>subdit</span> <span class='ocrx_word' id='word_1_35' title='bbox 591 688 738 751; x_wconf 79' lang='lat' dir='ltr'>cedrenus,</span> <span class='ocrx_word' id='word_1_36' title='bbox 765 704 800 741; x_wconf 83' lang='lat' dir='ltr'>ax</span> <span class='ocrx_word' id='word_1_37' title='bbox 823 704 874 757; x_wconf 90' lang='lat' dir='ltr'>quo</span> <span class='ocrx_word' id='word_1_38' title='bbox 889 688 952 741; x_wconf 85' lang='lat' dir='ltr'>baec</span> <span class='ocrx_word' id='word_1_39' title='bbox 967 687 1133 757; x_wconf 72' lang='lat' dir='ltr'>depromptas</span> <span class='ocrx_word' id='word_1_40' title='bbox 1159 704 1221 739; x_wconf 87' lang='lat' dir='ltr'>sane</span> <span class='ocrx_word' id='word_1_41' title='bbox 1240 688 1279 739; x_wconf 88' lang='lat' dir='ltr'>bis</span> <span class='ocrx_word' id='word_1_42' title='bbox 1295 704 1400 757; x_wconf 82' lang='lat' dir='ltr'>semper</span> 
     </span>
     <span class='ocr_line' id='line_1_6' title="bbox 298 756 1399 827; baseline -0.003 -17"><span class='ocrx_word' id='word_1_43' title='bbox 298 757 442 826; x_wconf 83' lang='lat' dir='ltr'>auspicibus</span> <span class='ocrx_word' id='word_1_44' title='bbox 467 770 546 827; x_wconf 84' lang='lat' dir='ltr'>atque</span> <span class='ocrx_word' id='word_1_45' title='bbox 570 757 744 825; x_wconf 71' lang='lat' dir='ltr'>antesignanis</span> <span class='ocrx_word' id='word_1_46' title='bbox 767 756 904 809; x_wconf 84' lang='lat' dir='ltr'>adversum</span> <span class='ocrx_word' id='word_1_47' title='bbox 919 756 1007 809; x_wconf 84' lang='lat' dir='ltr'>hostes</span> <span class='ocrx_word' id='word_1_48' title='bbox 1024 756 1062 808; x_wconf 91' lang='lat' dir='ltr'>nti</span> <span class='ocrx_word' id='word_1_49' title='bbox 1078 757 1178 807; x_wconf 76' lang='lat' dir='ltr'>solebat</span> <span class='ocrx_word' id='word_1_50' title='bbox 1189 756 1329 825; x_wconf 84' lang='lat' dir='ltr'>imperator</span> <span class='ocrx_word' id='word_1_51' title='bbox 1345 756 1399 809; x_wconf 84' lang='lat' dir='ltr'>bic.</span> 
     </span>
    </p>

    <p class='ocr_par' dir='ltr' id='par_1_6' title="bbox 298 824 1398 895">
     <span class='ocr_line' id='line_1_7' title="bbox 298 824 1398 895; baseline -0.003 -16"><span class='ocrx_word' id='word_1_52' title='bbox 298 842 347 879; x_wconf 88' lang='lat' dir='ltr'>nec</span> <span class='ocrx_word' id='word_1_53' title='bbox 364 834 474 879; x_wconf 83' lang='lat' dir='ltr'>temere:</span> <span class='ocrx_word' id='word_1_54' title='bbox 494 828 562 879; x_wconf 87' lang='lat' dir='ltr'>visus</span> <span class='ocrx_word' id='word_1_55' title='bbox 580 827 644 877; x_wconf 89' lang='lat' dir='ltr'>enim</span> <span class='ocrx_word' id='word_1_56' title='bbox 663 826 797 878; x_wconf 77' lang='lat' dir='ltr'>manifesto</span> <span class='ocrx_word' id='word_1_57' title='bbox 814 831 913 893; x_wconf 67' lang='lat' dir='ltr'>rusmyr</span> <span class='ocrx_word' id='word_1_58' title='bbox 929 842 1003 895; x_wconf 90' lang='lat' dir='ltr'>opem</span> <span class='ocrx_word' id='word_1_59' title='bbox 1020 827 1098 890; x_wconf 82' lang='lat' dir='ltr'>ferre,</span> <span class='ocrx_word' id='word_1_60' title='bbox 1115 824 1220 877; x_wconf 83' lang='lat' dir='ltr'>hostiles</span> <span class='ocrx_word' id='word_1_61' title='bbox 1236 841 1328 877; x_wconf 74' lang='lat' dir='ltr'>mneos</span> <span class='ocrx_word' id='word_1_62' title='bbox 1339 832 1398 877; x_wconf 86' lang='lat' dir='ltr'>tur·</span> 
     </span>
    </p>

    <p class='ocr_par' dir='ltr' id='par_1_7' title="bbox 299 893 1399 964">
     <span class='ocr_line' id='line_1_8' title="bbox 299 893 1399 964; baseline 0 -19"><span class='ocrx_word' id='word_1_63' title='bbox 299 894 376 959; x_wconf 91' lang='lat' dir='ltr'>bare,</span> <span class='ocrx_word' id='word_1_64' title='bbox 402 903 429 946; x_wconf 81' lang='lat' dir='ltr'>et</span> <span class='ocrx_word' id='word_1_65' title='bbox 453 896 667 963; x_wconf 85' lang='lat' dir='ltr'>praeclarissimae</span> <span class='ocrx_word' id='word_1_66' title='bbox 685 894 775 946; x_wconf 85' lang='lat' dir='ltr'>ducem</span> <span class='ocrx_word' id='word_1_67' title='bbox 791 912 820 947; x_wconf 88' lang='lat' dir='ltr'>se</span> <span class='ocrx_word' id='word_1_68' title='bbox 837 902 970 964; x_wconf 87' lang='lat' dir='ltr'>praestare</span> <span class='ocrx_word' id='word_1_69' title='bbox 988 893 1119 947; x_wconf 82' lang='lat' dir='ltr'>victoriae.</span> <span class='ocrx_word' id='word_1_70' title='bbox 1153 893 1256 945; x_wconf 86' lang='lat' dir='ltr'>ultimus</span> <span class='ocrx_word' id='word_1_71' title='bbox 1272 893 1399 945; x_wconf 81' lang='lat' dir='ltr'>Theodo-</span> 
     </span>
    </p>

    <p class='ocr_par' dir='ltr' id='par_1_8' title="bbox 298 960 1399 1033">
     <span class='ocr_line' id='line_1_9' title="bbox 298 960 1399 1033; baseline 0 -18"><span class='ocrx_word' id='word_1_72' title='bbox 298 980 345 1016; x_wconf 90' lang='lat' dir='ltr'>rus</span> <span class='ocrx_word' id='word_1_73' title='bbox 361 962 442 1027; x_wconf 84' lang='lat' dir='ltr'>alins,</span> <span class='ocrx_word' id='word_1_74' title='bbox 467 965 517 1015; x_wconf 90' lang='lat' dir='ltr'>tiro</span> <span class='ocrx_word' id='word_1_75' title='bbox 535 965 629 1027; x_wconf 86' lang='lat' dir='ltr'>dictus,</span> <span class='ocrx_word' id='word_1_76' title='bbox 655 980 705 1017; x_wconf 91' lang='lat' dir='ltr'>non</span> <span class='ocrx_word' id='word_1_77' title='bbox 722 962 791 1031; x_wconf 89' lang='lat' dir='ltr'>quod</span> <span class='ocrx_word' id='word_1_78' title='bbox 808 978 933 1016; x_wconf 84' lang='lat' dir='ltr'>armorum</span> <span class='ocrx_word' id='word_1_79' title='bbox 949 961 1067 1015; x_wconf 86' lang='lat' dir='ltr'>tirocinio</span> <span class='ocrx_word' id='word_1_80' title='bbox 1083 960 1242 1024; x_wconf 84' lang='lat' dir='ltr'>erudiretur,</span> <span class='ocrx_word' id='word_1_81' title='bbox 1265 962 1311 1014; x_wconf 87' lang='lat' dir='ltr'>sed</span> <span class='ocrx_word' id='word_1_82' title='bbox 1327 963 1399 1033; x_wconf 82' lang='lat' dir='ltr'>quod</span> 
     </span>
    </p>

    <p class='ocr_par' dir='ltr' id='par_1_9' title="bbox 299 1029 1400 1240">
     <span class='ocr_line' id='line_1_10' title="bbox 299 1029 1400 1102; baseline -0.002 -17"><span class='ocrx_word' id='word_1_83' title='bbox 299 1031 327 1085; x_wconf 93' lang='lat' dir='ltr'>in</span> <span class='ocrx_word' id='word_1_84' title='bbox 351 1034 454 1084; x_wconf 83' lang='lat' dir='ltr'>cohorte</span> <span class='ocrx_word' id='word_1_85' title='bbox 476 1032 585 1085; x_wconf 89' lang='lat' dir='ltr'>tironum</span> <span class='ocrx_word' id='word_1_86' title='bbox 610 1032 678 1085; x_wconf 87' lang='lat' dir='ltr'>dicta</span> <span class='ocrx_word' id='word_1_87' title='bbox 700 1039 838 1101; x_wconf 81' lang='lat' dir='ltr'>provectus</span> <span class='ocrx_word' id='word_1_88' title='bbox 857 1029 972 1087; x_wconf 77' lang='lat' dir='ltr'>oenturio</span> <span class='ocrx_word' id='word_1_89' title='bbox 994 1037 1190 1102; x_wconf 73' lang='lat' dir='ltr'>promereretur.</span> <span class='ocrx_word' id='word_1_90' title='bbox 1223 1030 1400 1085; x_wconf 84' lang='lat' dir='ltr'>Damasconus</span> 
     </span>
     <span class='ocr_line' id='line_1_11' title="bbox 299 1090 1400 1169; baseline -0.003 -15"><span class='ocrx_word' id='word_1_91' title='bbox 299 1100 482 1154; x_wconf 75' lang='lat' dir='ltr'>subdiaconus:</span> <span class='ocrx_word' id='word_1_92' title='bbox 510 1090 580 1169; x_wconf 82' lang='grc' dir='ltr'><strong><em>ἦτον</em></strong></span> <span class='ocrx_word' id='word_1_93' title='bbox 596 1100 645 1153; x_wconf 79' lang='grc' dir='ltr'>καὶ</span> <span class='ocrx_word' id='word_1_94' title='bbox 662 1096 745 1159; x_wconf 77' lang='grc' dir='ltr'><strong><em>αὐτὸς</em></strong></span> <span class='ocrx_word' id='word_1_95' title='bbox 762 1097 828 1162; x_wconf 72' lang='grc' dir='ltr'><strong><em>ἕνας</em></strong></span> <span class='ocrx_word' id='word_1_96' title='bbox 845 1097 886 1162; x_wconf 73' lang='grc' dir='ltr'>εἰς</span> <span class='ocrx_word' id='word_1_97' title='bbox 901 1095 934 1154; x_wconf 78' lang='grc' dir='ltr'>τὸ</span> <span class='ocrx_word' id='word_1_98' title='bbox 951 1096 1042 1168; x_wconf 75' lang='grc' dir='ltr'><strong><em>τάγμα</em></strong></span> <span class='ocrx_word' id='word_1_99' title='bbox 1058 1094 1134 1154; x_wconf 82' lang='grc' dir='ltr'><strong>ὅπου</strong></span> <span class='ocrx_word' id='word_1_100' title='bbox 1150 1095 1325 1167; x_wconf 75' lang='grc' dir='ltr'><strong><em>ὥνομάζετον</em></strong></span> <span class='ocrx_word' id='word_1_101' title='bbox 1343 1097 1400 1151; x_wconf 77' lang='lat' dir='ltr'>Tai-</span> 
     </span>
     <span class='ocr_line' id='line_1_12' title="bbox 301 1163 1398 1240; baseline -0.001 -19"><span class='ocrx_word' id='word_1_102' title='bbox 301 1186 401 1237; x_wconf 77' lang='grc' dir='ltr'><strong><em>ρωνες,</em></strong></span> <span class='ocrx_word' id='word_1_103' title='bbox 419 1165 493 1222; x_wconf 65' lang='lat' dir='ltr'>dorin</span> <span class='ocrx_word' id='word_1_104' title='bbox 510 1166 546 1223; x_wconf 84' lang='lat' dir='ltr'>voi</span> <span class='ocrx_word' id='word_1_105' title='bbox 564 1167 644 1240; x_wconf 75' lang='grc' dir='ltr'><strong>εἰπῇς</strong></span> <span class='ocrx_word' id='word_1_106' title='bbox 660 1163 871 1239; x_wconf 71' lang='grc' dir='ltr'><strong><em>ἑκατόνταρχος.</em></strong></span> <span class='ocrx_word' id='word_1_107' title='bbox 905 1168 944 1222; x_wconf 86' lang='lat' dir='ltr'>ita</span> <span class='ocrx_word' id='word_1_108' title='bbox 960 1169 1044 1222; x_wconf 87' lang='lat' dir='ltr'>dictus</span> <span class='ocrx_word' id='word_1_109' title='bbox 1055 1175 1146 1221; x_wconf 84' lang='lat' dir='ltr'>auctor</span> <span class='ocrx_word' id='word_1_110' title='bbox 1156 1168 1398 1237; x_wconf 80' lang='lat' dir='ltr'>vulgariidiomste.</span> 
     </span>
    </p>
   </div>
   <div class='ocr_carea' id='block_1_4' title="bbox 277 1262 1401 1527">
    <p class='ocr_par' dir='ltr' id='par_1_10' title="bbox 277 1262 1401 1527">
     <span class='ocr_line' id='line_1_13' title="bbox 277 1262 1401 1357; baseline -0.004 -20"><span class='ocrx_word' id='word_1_111' title='bbox 277 1262 282 1275; x_wconf 52' lang='lat'><strong><em>⁵</em></strong></span> <span class='ocrx_word' id='word_1_112' title='bbox 366 1296 394 1355; x_wconf 86' lang='lat' dir='ltr'>p.</span> <span class='ocrx_word' id='word_1_113' title='bbox 403 1272 444 1339; x_wconf 82' lang='grc'>48</span> <span class='ocrx_word' id='word_1_114' title='bbox 459 1297 485 1336; x_wconf 86' lang='lat' dir='ltr'>v.</span> <span class='ocrx_word' id='word_1_115' title='bbox 494 1272 522 1337; x_wconf 75' lang='grc'>4.</span> <span class='ocrx_word' id='word_1_116' title='bbox 540 1275 610 1333; x_wconf 90' lang='lat' dir='ltr'>illud</span> <span class='ocrx_word' id='word_1_117' title='bbox 622 1269 789 1357; x_wconf 74' lang='grc' dir='ltr'><strong><em>Θεοδῶρων</em></strong></span> <span class='ocrx_word' id='word_1_118' title='bbox 799 1280 843 1333; x_wconf 87' lang='lat' dir='ltr'>est</span> <span class='ocrx_word' id='word_1_119' title='bbox 857 1274 1002 1351; x_wconf 88' lang='lat' dir='ltr'>utriusque</span> <span class='ocrx_word' id='word_1_120' title='bbox 1010 1272 1155 1333; x_wconf 85' lang='lat' dir='ltr'>Theodori</span> <span class='ocrx_word' id='word_1_121' title='bbox 1166 1275 1306 1353; x_wconf 85' lang='lat' dir='ltr'>martyris,</span> <span class='ocrx_word' id='word_1_122' title='bbox 1318 1276 1401 1333; x_wconf 85' lang='lat' dir='ltr'>ducis</span> 
     </span>
     <span class='ocr_line' id='line_1_14' title="bbox 301 1358 1401 1449; baseline 0 -30"><span class='ocrx_word' id='word_1_123' title='bbox 301 1367 331 1419; x_wconf 86' lang='lat' dir='ltr'>et</span> <span class='ocrx_word' id='word_1_124' title='bbox 345 1362 451 1419; x_wconf 83' lang='lat' dir='ltr'>tironis.</span> <span class='ocrx_word' id='word_1_125' title='bbox 495 1362 593 1449; x_wconf 70' lang='lat' dir='ltr'>prioris</span> <span class='ocrx_word' id='word_1_126' title='bbox 604 1362 707 1419; x_wconf 89' lang='lat' dir='ltr'>festum</span> <span class='ocrx_word' id='word_1_127' title='bbox 723 1367 813 1437; x_wconf 84' lang='lat' dir='ltr'>agunt</span> <span class='ocrx_word' id='word_1_128' title='bbox 827 1360 928 1418; x_wconf 91' lang='lat' dir='ltr'>Graeci</span> <span class='ocrx_word' id='word_1_129' title='bbox 938 1364 958 1424; x_wconf 89' lang='lat'>8</span> <span class='ocrx_word' id='word_1_130' title='bbox 972 1358 1060 1435; x_wconf 85' lang='lat' dir='ltr'>Iunii,</span> <span class='ocrx_word' id='word_1_131' title='bbox 1081 1360 1244 1438; x_wconf 83' lang='lat' dir='ltr'>posterioria</span> <span class='ocrx_word' id='word_1_132' title='bbox 1263 1362 1302 1423; x_wconf 86' lang='lat'>17</span> <span class='ocrx_word' id='word_1_133' title='bbox 1314 1359 1401 1419; x_wconf 84' lang='lat' dir='ltr'>Febr.</span> 
     </span>
     <span class='ocr_line' id='line_1_15' title="bbox 302 1442 1401 1527; baseline 0 -22"><span class='ocrx_word' id='word_1_134' title='bbox 302 1452 332 1507; x_wconf 87' lang='lat' dir='ltr'>et</span> <span class='ocrx_word' id='word_1_135' title='bbox 352 1448 381 1505; x_wconf 93' lang='lat' dir='ltr'>iu</span> <span class='ocrx_word' id='word_1_136' title='bbox 400 1447 474 1505; x_wconf 89' lang='lat' dir='ltr'>hunc</span> <span class='ocrx_word' id='word_1_137' title='bbox 494 1448 614 1505; x_wconf 88' lang='lat' dir='ltr'>tironem</span> <span class='ocrx_word' id='word_1_138' title='bbox 631 1452 725 1505; x_wconf 81' lang='lat' dir='ltr'>exstat</span> <span class='ocrx_word' id='word_1_139' title='bbox 745 1447 776 1504; x_wconf 89' lang='lat' dir='ltr'>S.</span> <span class='ocrx_word' id='word_1_140' title='bbox 800 1445 930 1522; x_wconf 84' lang='lat' dir='ltr'>Gregorii</span> <span class='ocrx_word' id='word_1_141' title='bbox 952 1442 1076 1521; x_wconf 87' lang='lat' dir='ltr'>Nysseni</span> <span class='ocrx_word' id='word_1_142' title='bbox 1095 1444 1280 1527; x_wconf 87' lang='lat' dir='ltr'>pulcherrima</span> <span class='ocrx_word' id='word_1_143' title='bbox 1300 1446 1401 1506; x_wconf 84' lang='lat' dir='ltr'>oratio.</span> 
     </span>
    </p>
   </div>
   <div class='ocr_carea' id='block_1_5' title="bbox 301 1555 1404 1837">
    <p class='ocr_par' dir='ltr' id='par_1_11' title="bbox 301 1555 1404 1837">
     <span class='ocr_line' id='line_1_16' title="bbox 370 1555 1403 1627; baseline -0.001 -14"><span class='ocrx_word' id='word_1_144' title='bbox 370 1561 436 1615; x_wconf 85' lang='lat' dir='ltr'>ibid.</span> <span class='ocrx_word' id='word_1_145' title='bbox 483 1555 622 1626; x_wconf 81' lang='grc' dir='ltr'>Γεώργιον</span> <span class='ocrx_word' id='word_1_146' title='bbox 648 1555 787 1627; x_wconf 77' lang='grc' dir='ltr'><strong>ἔφιππον]</strong></span> <span class='ocrx_word' id='word_1_147' title='bbox 813 1559 969 1613; x_wconf 85' lang='lat' dir='ltr'>notissimum</span> <span class='ocrx_word' id='word_1_148' title='bbox 990 1556 1050 1611; x_wconf 86' lang='lat' dir='ltr'>olim</span> <span class='ocrx_word' id='word_1_149' title='bbox 1080 1558 1186 1624; x_wconf 85' lang='lat' dir='ltr'>ducem,</span> <span class='ocrx_word' id='word_1_150' title='bbox 1211 1558 1310 1612; x_wconf 58' lang='lat' dir='ltr'>saumis</span> <span class='ocrx_word' id='word_1_151' title='bbox 1333 1576 1403 1612; x_wconf 88' lang='lat' dir='ltr'>nunc</span> 
     </span>
     <span class='ocr_line' id='line_1_17' title="bbox 301 1627 1402 1697; baseline -0.001 -15"><span class='ocrx_word' id='word_1_152' title='bbox 301 1627 413 1683; x_wconf 87' lang='lat' dir='ltr'>tolerato</span> <span class='ocrx_word' id='word_1_153' title='bbox 437 1628 560 1697; x_wconf 84' lang='lat' dir='ltr'>martyrio</span> <span class='ocrx_word' id='word_1_154' title='bbox 584 1628 725 1697; x_wconf 82' lang='lat' dir='ltr'>Georgium</span> <span class='ocrx_word' id='word_1_155' title='bbox 749 1628 866 1683; x_wconf 83' lang='lat' dir='ltr'>allectum</span> <span class='ocrx_word' id='word_1_156' title='bbox 889 1628 999 1697; x_wconf 86' lang='lat' dir='ltr'>equitem</span> <span class='ocrx_word' id='word_1_157' title='bbox 1021 1644 1074 1679; x_wconf 88' lang='lat' dir='ltr'>sem</span> <span class='ocrx_word' id='word_1_158' title='bbox 1153 1627 1261 1697; x_wconf 88' lang='lat' dir='ltr'>pingunt</span> <span class='ocrx_word' id='word_1_159' title='bbox 1288 1630 1402 1689; x_wconf 78' lang='lat' dir='ltr'>Graeci3</span> 
     </span>
     <span class='ocr_line' id='line_1_18' title="bbox 303 1691 1404 1767; baseline 0.001 -18"><span class='ocrx_word' id='word_1_160' title='bbox 303 1698 372 1767; x_wconf 92' lang='lat' dir='ltr'>qnod</span> <span class='ocrx_word' id='word_1_161' title='bbox 392 1700 495 1767; x_wconf 87' lang='lat' dir='ltr'>saepius</span> <span class='ocrx_word' id='word_1_162' title='bbox 519 1696 553 1748; x_wconf 87' lang='lat' dir='ltr'>sit</span> <span class='ocrx_word' id='word_1_163' title='bbox 575 1696 645 1765; x_wconf 74' lang='lat' dir='ltr'>visus</span> <span class='ocrx_word' id='word_1_164' title='bbox 670 1692 848 1767; x_wconf 73' lang='grc' dir='ltr'><strong><em>καβαλλάρης</em></strong></span> <span class='ocrx_word' id='word_1_165' title='bbox 870 1693 911 1758; x_wconf 77' lang='grc' dir='ltr'>εἰς</span> <span class='ocrx_word' id='word_1_166' title='bbox 934 1691 1037 1763; x_wconf 76' lang='grc' dir='ltr'><strong><em>ἄλογον</em></strong></span> <span class='ocrx_word' id='word_1_167' title='bbox 1082 1712 1171 1763; x_wconf 70' lang='lat' dir='ltr'>cupos</span> <span class='ocrx_word' id='word_1_168' title='bbox 1187 1704 1215 1747; x_wconf 89' lang='lat' dir='ltr'>et</span> <span class='ocrx_word' id='word_1_169' title='bbox 1232 1694 1404 1765; x_wconf 73' lang='lat' dir='ltr'>irvuopdpoe</span> 
     </span>
     <span class='ocr_line' id='line_1_19' title="bbox 302 1760 1404 1837; baseline -0.001 -18"><span class='ocrx_word' id='word_1_170' title='bbox 302 1764 489 1837; x_wconf 77' lang='grc' dir='ltr'><strong>ιιιιβαλλιὶριος</strong></span> <span class='ocrx_word' id='word_1_171' title='bbox 506 1761 545 1825; x_wconf 80' lang='grc' dir='ltr'>εἰς</span> <span class='ocrx_word' id='word_1_172' title='bbox 562 1760 666 1832; x_wconf 73' lang='grc' dir='ltr'><strong><em>ἄλογον</em></strong></span> <span class='ocrx_word' id='word_1_173' title='bbox 685 1761 804 1832; x_wconf 80' lang='grc' dir='ltr'><strong><em>ἄστρον.</em></strong></span> <span class='ocrx_word' id='word_1_174' title='bbox 841 1766 1011 1817; x_wconf 81' lang='lat' dir='ltr'>Damascenus</span> <span class='ocrx_word' id='word_1_175' title='bbox 1028 1764 1121 1816; x_wconf 86' lang='lat' dir='ltr'>citatus</span> <span class='ocrx_word' id='word_1_176' title='bbox 1143 1763 1169 1815; x_wconf 93' lang='lat' dir='ltr'>in</span> <span class='ocrx_word' id='word_1_177' title='bbox 1189 1764 1335 1820; x_wconf 74' lang='lat' dir='ltr'>Thesauro.</span> <span class='ocrx_word' id='word_1_178' title='bbox 1369 1767 1404 1819; x_wconf 87' lang='lat' dir='ltr'>de</span> 
     </span>
    </p>
   </div>
   <div class='ocr_carea' id='block_1_6' title="bbox 304 1831 1405 1959">
    <p class='ocr_par' dir='ltr' id='par_1_12' title="bbox 304 1831 1405 1959">
     <span class='ocr_line' id='line_1_20' title="bbox 304 1831 1405 1959; baseline 0.002 -73"><span class='ocrx_word' id='word_1_179' title='bbox 304 1836 425 1957; x_wconf 44' lang='lat' dir='ltr'>georgio·</span> <span class='ocrx_word' id='word_1_180' title='bbox 437 1843 464 1957; x_wconf 72' lang='lat' dir='ltr'>slat</span> <span class='ocrx_word' id='word_1_181' title='bbox 478 1831 619 1959; x_wconf 57' lang='lat' dir='ltr'>guenilone</span> <span class='ocrx_word' id='word_1_182' title='bbox 638 1834 734 1889; x_wconf 68' lang='lat' dir='ltr'>auctis</span> <span class='ocrx_word' id='word_1_183' title='bbox 752 1836 912 1889; x_wconf 78' lang='lat' dir='ltr'>Graecarum</span> <span class='ocrx_word' id='word_1_184' title='bbox 930 1832 1122 1887; x_wconf 73' lang='lat' dir='ltr'>auxiliatoribus</span> <span class='ocrx_word' id='word_1_185' title='bbox 1147 1831 1256 1887; x_wconf 72' lang='lat' dir='ltr'>Nicetes</span> <span class='ocrx_word' id='word_1_186' title='bbox 1277 1835 1405 1888; x_wconf 68' lang='lat' dir='ltr'>Mamers</span> 
     </span>
     <span class='ocr_line' id='line_1_21' title="bbox 328 1922 503 1959; baseline 0 -2"><span class='ocrx_word' id='word_1_187' title='bbox 328 1922 426 1959; x_wconf 86' lang='lat' dir='ltr'>omuesu</span> <span class='ocrx_word' id='word_1_188' title='bbox 453 1944 459 1957; x_wconf 91' lang='lat'>.</span> <span class='ocrx_word' id='word_1_189' title='bbox 496 1942 503 1957; x_wconf 87' lang='lat'>.</span> 
     </span>
    </p>
   </div>
   <div class='ocr_carea' id='block_1_7' title="bbox 204 2002 1521 4303">
    <p class='ocr_par' dir='ltr' id='par_1_13' title="bbox 204 2002 1521 4303">
     <span class='ocr_line' id='line_1_22' title="bbox 371 2002 1406 2075; baseline 0 -18"><span class='ocrx_word' id='word_1_190' title='bbox 371 2007 406 2057; x_wconf 82' lang='lat' dir='ltr'>ib.</span> <span class='ocrx_word' id='word_1_191' title='bbox 424 2024 451 2057; x_wconf 92' lang='lat' dir='ltr'>v.</span> <span class='ocrx_word' id='word_1_192' title='bbox 469 2004 496 2059; x_wconf 82' lang='lat'>5.</span> <span class='ocrx_word' id='word_1_193' title='bbox 513 2005 711 2075; x_wconf 76' lang='lat' dir='ltr'>dpucorcsiov]</span> <span class='ocrx_word' id='word_1_194' title='bbox 737 2023 795 2060; x_wconf 86' lang='lat' dir='ltr'>cnm</span> <span class='ocrx_word' id='word_1_195' title='bbox 816 2006 909 2075; x_wconf 82' lang='lat' dir='ltr'>aquiiis</span> <span class='ocrx_word' id='word_1_196' title='bbox 928 2006 957 2059; x_wconf 91' lang='lat' dir='ltr'>in</span> <span class='ocrx_word' id='word_1_197' title='bbox 978 2002 1059 2057; x_wconf 85' lang='lat' dir='ltr'>aciem</span> <span class='ocrx_word' id='word_1_198' title='bbox 1081 2003 1149 2057; x_wconf 88' lang='lat' dir='ltr'>inter</span> <span class='ocrx_word' id='word_1_199' title='bbox 1170 2002 1267 2057; x_wconf 84' lang='lat' dir='ltr'>vexilla</span> <span class='ocrx_word' id='word_1_200' title='bbox 1281 2002 1406 2073; x_wconf 80' lang='lat' dir='ltr'>iatisuut</span> 
     </span>
     <span class='ocr_line' id='line_1_23' title="bbox 304 2072 1405 2145; baseline -0.004 -16"><span class='ocrx_word' id='word_1_201' title='bbox 304 2072 382 2129; x_wconf 85' lang='lat' dir='ltr'>etiam</span> <span class='ocrx_word' id='word_1_202' title='bbox 399 2075 537 2139; x_wconf 87' lang='lat' dir='ltr'>dracones,</span> <span class='ocrx_word' id='word_1_203' title='bbox 554 2076 662 2127; x_wconf 81' lang='lat' dir='ltr'>maxime</span> <span class='ocrx_word' id='word_1_204' title='bbox 679 2076 782 2129; x_wconf 83' lang='lat' dir='ltr'>labente</span> <span class='ocrx_word' id='word_1_205' title='bbox 796 2076 912 2145; x_wconf 84' lang='lat' dir='ltr'>imperio.</span> <span class='ocrx_word' id='word_1_206' title='bbox 944 2075 1021 2126; x_wconf 87' lang='lat' dir='ltr'>docet</span> <span class='ocrx_word' id='word_1_207' title='bbox 1035 2073 1204 2142; x_wconf 83' lang='lat' dir='ltr'>Deurpsterus</span> <span class='ocrx_word' id='word_1_208' title='bbox 1220 2072 1255 2126; x_wconf 86' lang='lat' dir='ltr'>ad</span> <span class='ocrx_word' id='word_1_209' title='bbox 1271 2073 1346 2127; x_wconf 75' lang='lat' dir='ltr'>uon.</span> <span class='ocrx_word' id='word_1_210' title='bbox 1357 2090 1405 2125; x_wconf 87' lang='lat' dir='ltr'>an-</span> 
     </span>
     <span class='ocr_line' id='line_1_24' title="bbox 303 2136 1407 2227; baseline 0.001 -33"><span class='ocrx_word' id='word_1_211' title='bbox 303 2143 352 2211; x_wconf 92' lang='lat' dir='ltr'>tiq.</span> <span class='ocrx_word' id='word_1_212' title='bbox 369 2145 473 2195; x_wconf 81' lang='lat' dir='ltr'>calcem.</span> <span class='ocrx_word' id='word_1_213' title='bbox 508 2144 646 2212; x_wconf 88' lang='lat' dir='ltr'>dequibus</span> <span class='ocrx_word' id='word_1_214' title='bbox 670 2145 765 2197; x_wconf 85' lang='lat' dir='ltr'>Suidas</span> <span class='ocrx_word' id='word_1_215' title='bbox 790 2162 816 2197; x_wconf 82' lang='lat' dir='ltr'>v.</span> <span class='ocrx_word' id='word_1_216' title='bbox 840 2147 955 2212; x_wconf 72' lang='grc' dir='ltr'><strong><em>σημεῖαε</em></strong></span> <span class='ocrx_word' id='word_1_217' title='bbox 983 2137 1004 2195; x_wconf 77' lang='grc' dir='ltr'><em>ἃ</em></span> <span class='ocrx_word' id='word_1_218' title='bbox 1024 2138 1159 2227; x_wconf 73' lang='grc' dir='ltr'>φέρουσιν</span> <span class='ocrx_word' id='word_1_219' title='bbox 1178 2136 1210 2198; x_wconf 71' lang='grc' dir='ltr'>ἐν</span> <span class='ocrx_word' id='word_1_220' title='bbox 1230 2141 1281 2209; x_wconf 75' lang='grc' dir='ltr'>τῷ,</span> <span class='ocrx_word' id='word_1_221' title='bbox 1295 2137 1407 2211; x_wconf 76' lang='grc' dir='ltr'><strong>πολέμῳ</strong></span> 
     </span>
     <span class='ocr_line' id='line_1_25' title="bbox 303 2204 1408 2282; baseline 0 -19"><span class='ocrx_word' id='word_1_222' title='bbox 303 2206 456 2279; x_wconf 75' lang='grc' dir='ltr'><strong><em>ὑφάσματά</em></strong></span> <span class='ocrx_word' id='word_1_223' title='bbox 473 2208 525 2265; x_wconf 81' lang='grc' dir='ltr'>εἰσι</span> <span class='ocrx_word' id='word_1_224' title='bbox 544 2212 623 2282; x_wconf 83' lang='grc' dir='ltr'><em>βαφῇ</em></span> <span class='ocrx_word' id='word_1_225' title='bbox 638 2209 854 2280; x_wconf 77' lang='grc' dir='ltr'><strong>πεποικιλμένα,</strong></span> <span class='ocrx_word' id='word_1_226' title='bbox 880 2208 901 2266; x_wconf 81' lang='lat' dir='ltr'>o‘i</span> <span class='ocrx_word' id='word_1_227' title='bbox 928 2208 968 2274; x_wconf 77' lang='grc' dir='ltr'>εἰς</span> <span class='ocrx_word' id='word_1_228' title='bbox 991 2208 1071 2264; x_wconf 57' lang='lat' dir='ltr'>&amp;aas</span> <span class='ocrx_word' id='word_1_229' title='bbox 1084 2206 1203 2277; x_wconf 73' lang='grc' dir='ltr'>μάλιστα</span> <span class='ocrx_word' id='word_1_230' title='bbox 1219 2204 1315 2276; x_wconf 80' lang='grc' dir='ltr'><strong><em>ὄφεων</em></strong></span> <span class='ocrx_word' id='word_1_231' title='bbox 1330 2211 1408 2263; x_wconf 71' lang='grc' dir='ltr'><strong><em>εἶτα·</em></strong></span> 
     </span>
     <span class='ocr_line' id='line_1_26' title="bbox 304 2276 1408 2405; baseline 0 -4"><span class='ocrx_word' id='word_1_232' title='bbox 304 2296 383 2401; x_wconf 70' lang='lat' dir='ltr'>:iti</span> <span class='ocrx_word' id='word_1_233' title='bbox 406 2280 458 2403; x_wconf 67' lang='lat' dir='ltr'>it?</span> <span class='ocrx_word' id='word_1_234' title='bbox 474 2276 1408 2405; x_wconf 52' lang='lat' dir='ltr'>‘il{itit“titttttiztmtdi‘miiaiitl‘itii</span> 
     </span>
     <span class='ocr_line' id='line_1_27' title="bbox 304 2368 1520 2487; baseline -0.002 -16"><span class='ocrx_word' id='word_1_235' title='bbox 304 2434 364 2471; x_wconf 83' lang='lat' dir='ltr'>rum</span> <span class='ocrx_word' id='word_1_236' title='bbox 383 2368 663 2487; x_wconf 66' lang='lat' dir='ltr'>acroiopgoiimeniqcc</span> <span class='ocrx_word' id='word_1_237' title='bbox 679 2369 872 2473; x_wconf 55' lang='lat' dir='ltr'>animantibus</span> <span class='ocrx_word' id='word_1_238' title='bbox 888 2420 991 2487; x_wconf 80' lang='lat' dir='ltr'>illigati</span> <span class='ocrx_word' id='word_1_239' title='bbox 999 2456 1008 2481; x_wconf 89' lang='lat'>,</span> <span class='ocrx_word' id='word_1_240' title='bbox 1023 2419 1100 2471; x_wconf 77' lang='lat' dir='ltr'>biatu</span> <span class='ocrx_word' id='word_1_241' title='bbox 1117 2424 1191 2469; x_wconf 84' lang='lat' dir='ltr'>vasto</span> <span class='ocrx_word' id='word_1_242' title='bbox 1204 2387 1357 2485; x_wconf 62' lang='lat' dir='ltr'>perfidiam,</span> <span class='ocrx_word' id='word_1_243' title='bbox 1380 2424 1407 2469; x_wconf 82' lang='lat' dir='ltr'>ct</span> <span class='ocrx_word' id='word_1_244' title='bbox 1519 2431 1520 2478; x_wconf 57' lang='grc' dir='ltr'><strong>ι</strong></span> 
     </span>
     <span class='ocr_line' id='line_1_28' title="bbox 304 2487 1521 2560; baseline -0.001 -18"><span class='ocrx_word' id='word_1_245' title='bbox 304 2488 378 2543; x_wconf 81' lang='lat' dir='ltr'>uelut</span> <span class='ocrx_word' id='word_1_246' title='bbox 391 2488 434 2539; x_wconf 85' lang='lat' dir='ltr'>s&#39;ru</span> <span class='ocrx_word' id='word_1_247' title='bbox 452 2491 547 2556; x_wconf 77' lang='lat' dir='ltr'>perciti</span> <span class='ocrx_word' id='word_1_248' title='bbox 561 2489 709 2555; x_wconf 81' lang='lat' dir='ltr'>sibilantes,</span> <span class='ocrx_word' id='word_1_249' title='bbox 731 2489 1064 2557; x_wconf 76' lang='lat' dir='ltr'>caudurampucoolussinu</span> <span class='ocrx_word' id='word_1_250' title='bbox 1072 2487 1242 2555; x_wconf 79' lang='lat' dir='ltr'>relinquentes</span> <span class='ocrx_word' id='word_1_251' title='bbox 1253 2488 1407 2541; x_wconf 61' lang='lat' dir='ltr'>nomn.</span> <span class='ocrx_word' id='word_1_252' title='bbox 1519 2547 1521 2560; x_wconf 45' lang='lat'>‚</span> 
     </span>
     <span class='ocr_line' id='line_1_29' title="bbox 392 2592 1409 2673; baseline -0.003 -21"><span class='ocrx_word' id='word_1_253' title='bbox 392 2593 446 2652; x_wconf 89' lang='lat' dir='ltr'>His</span> <span class='ocrx_word' id='word_1_254' title='bbox 463 2594 647 2673; x_wconf 87' lang='lat' dir='ltr'>imperatoriis</span> <span class='ocrx_word' id='word_1_255' title='bbox 669 2594 789 2652; x_wconf 79' lang='lat' dir='ltr'>damulis</span> <span class='ocrx_word' id='word_1_256' title='bbox 813 2612 864 2651; x_wconf 89' lang='lat' dir='ltr'>seu</span> <span class='ocrx_word' id='word_1_257' title='bbox 884 2592 989 2651; x_wconf 85' lang='lat' dir='ltr'>vexillis</span> <span class='ocrx_word' id='word_1_258' title='bbox 1002 2596 1119 2670; x_wconf 88' lang='lat' dir='ltr'>propter</span> <span class='ocrx_word' id='word_1_259' title='bbox 1138 2592 1336 2669; x_wconf 83' lang='lat' dir='ltr'>cognationem</span> <span class='ocrx_word' id='word_1_260' title='bbox 1354 2612 1409 2649; x_wconf 91' lang='lat' dir='ltr'>no-</span> 
     </span>
     <span class='ocr_line' id='line_1_30' title="bbox 307 2676 1409 2755; baseline -0.003 -18"><span class='ocrx_word' id='word_1_261' title='bbox 307 2678 390 2737; x_wconf 89' lang='lat' dir='ltr'>minis</span> <span class='ocrx_word' id='word_1_262' title='bbox 412 2679 486 2737; x_wconf 89' lang='lat' dir='ltr'>adde</span> <span class='ocrx_word' id='word_1_263' title='bbox 506 2679 634 2739; x_wconf 82' lang='lat' dir='ltr'>vexillum</span> <span class='ocrx_word' id='word_1_264' title='bbox 657 2680 687 2737; x_wconf 88' lang='lat' dir='ltr'>S.</span> <span class='ocrx_word' id='word_1_265' title='bbox 709 2676 853 2755; x_wconf 84' lang='lat' dir='ltr'>Dionysii,</span> <span class='ocrx_word' id='word_1_266' title='bbox 880 2677 987 2737; x_wconf 85' lang='lat' dir='ltr'>Gallice</span> <span class='ocrx_word' id='word_1_267' title='bbox 1015 2678 1151 2755; x_wconf 72' lang='lat' dir='ltr'>orrflnmbc</span> <span class='ocrx_word' id='word_1_268' title='bbox 1176 2677 1298 2753; x_wconf 88' lang='lat' dir='ltr'>dictum,</span> <span class='ocrx_word' id='word_1_269' title='bbox 1329 2677 1409 2753; x_wconf 89' lang='lat' dir='ltr'>quod</span> 
     </span>
     <span class='ocr_line' id='line_1_31' title="bbox 308 2762 1409 2841; baseline -0.001 -19"><span class='ocrx_word' id='word_1_270' title='bbox 308 2782 391 2839; x_wconf 85' lang='lat' dir='ltr'>reges</span> <span class='ocrx_word' id='word_1_271' title='bbox 418 2763 526 2823; x_wconf 77' lang='lat' dir='ltr'>Gallae</span> <span class='ocrx_word' id='word_1_272' title='bbox 553 2784 661 2823; x_wconf 89' lang='lat' dir='ltr'>summa</span> <span class='ocrx_word' id='word_1_273' title='bbox 691 2765 829 2841; x_wconf 88' lang='lat' dir='ltr'>religione</span> <span class='ocrx_word' id='word_1_274' title='bbox 848 2782 943 2821; x_wconf 89' lang='lat' dir='ltr'>secum</span> <span class='ocrx_word' id='word_1_275' title='bbox 968 2763 999 2821; x_wconf 91' lang='lat' dir='ltr'>iu</span> <span class='ocrx_word' id='word_1_276' title='bbox 1023 2762 1214 2837; x_wconf 83' lang='lat' dir='ltr'>expeditiones</span> <span class='ocrx_word' id='word_1_277' title='bbox 1240 2763 1409 2821; x_wconf 79' lang='lat' dir='ltr'>educebant.</span> 
     </span>
     <span class='ocr_line' id='line_1_32' title="bbox 309 2846 1411 2925; baseline -0.003 -19"><span class='ocrx_word' id='word_1_278' title='bbox 309 2850 346 2906; x_wconf 89' lang='lat' dir='ltr'>de</span> <span class='ocrx_word' id='word_1_279' title='bbox 376 2866 433 2922; x_wconf 88' lang='lat' dir='ltr'>quo</span> <span class='ocrx_word' id='word_1_280' title='bbox 459 2850 524 2907; x_wconf 87' lang='lat' dir='ltr'>vide</span> <span class='ocrx_word' id='word_1_281' title='bbox 548 2856 631 2925; x_wconf 85' lang='lat' dir='ltr'>gesta</span> <span class='ocrx_word' id='word_1_282' title='bbox 661 2847 798 2907; x_wconf 89' lang='lat' dir='ltr'>Lndovici</span> <span class='ocrx_word' id='word_1_283' title='bbox 823 2848 994 2906; x_wconf 82' lang='lat' dir='ltr'>Francorum</span> <span class='ocrx_word' id='word_1_284' title='bbox 1014 2846 1090 2922; x_wconf 84' lang='lat' dir='ltr'>regis</span> <span class='ocrx_word' id='word_1_285' title='bbox 1116 2846 1411 2925; x_wconf 74' lang='lat' dir='ltr'>f01.138,144‚eo</span> 
     </span>
     <span class='ocr_line' id='line_1_33' title="bbox 309 2930 1362 3012; baseline -0.004 -21"><span class='ocrx_word' id='word_1_286' title='bbox 309 2930 467 3009; x_wconf 85' lang='lat' dir='ltr'>Rigordum</span> <span class='ocrx_word' id='word_1_287' title='bbox 485 2934 520 2991; x_wconf 93' lang='lat' dir='ltr'>de</span> <span class='ocrx_word' id='word_1_288' title='bbox 541 2936 629 3009; x_wconf 86' lang='lat' dir='ltr'>gestis</span> <span class='ocrx_word' id='word_1_289' title='bbox 646 2932 769 3012; x_wconf 86' lang='lat' dir='ltr'>Philippi</span> <span class='ocrx_word' id='word_1_290' title='bbox 790 2931 914 3009; x_wconf 80' lang='lat' dir='ltr'>Augusti</span> <span class='ocrx_word' id='word_1_291' title='bbox 935 2934 1010 3009; x_wconf 87' lang='lat' dir='ltr'>regis</span> <span class='ocrx_word' id='word_1_292' title='bbox 1027 2932 1075 2989; x_wconf 85' lang='lat' dir='ltr'>fol.</span> <span class='ocrx_word' id='word_1_293' title='bbox 1100 2933 1160 2994; x_wconf 83' lang='lat'>186</span> <span class='ocrx_word' id='word_1_294' title='bbox 1180 2933 1225 2988; x_wconf 81' lang='lat' dir='ltr'>ed</span> <span class='ocrx_word' id='word_1_295' title='bbox 1241 2931 1362 2989; x_wconf 83' lang='lat' dir='ltr'>Pithoei.</span> 
     </span>
     <span class='ocr_line' id='line_1_34' title="bbox 394 3030 1412 3113; baseline 0.001 -23"><span class='ocrx_word' id='word_1_296' title='bbox 394 3030 461 3091; x_wconf 89' lang='lat' dir='ltr'>Nou</span> <span class='ocrx_word' id='word_1_297' title='bbox 491 3052 607 3113; x_wconf 90' lang='lat' dir='ltr'>possum</span> <span class='ocrx_word' id='word_1_298' title='bbox 630 3033 768 3092; x_wconf 90' lang='lat' dir='ltr'>hocloco</span> <span class='ocrx_word' id='word_1_299' title='bbox 796 3033 898 3091; x_wconf 86' lang='lat' dir='ltr'>tacitus</span> <span class='ocrx_word' id='word_1_300' title='bbox 917 3032 1069 3112; x_wconf 86' lang='lat' dir='ltr'>praeterire</span> <span class='ocrx_word' id='word_1_301' title='bbox 1087 3030 1241 3111; x_wconf 88' lang='lat' dir='ltr'>Nicephori</span> <span class='ocrx_word' id='word_1_302' title='bbox 1265 3032 1412 3110; x_wconf 86' lang='lat' dir='ltr'>Gregorae</span> 
     </span>
     <span class='ocr_line' id='line_1_35' title="bbox 308 3116 1411 3195; baseline 0.001 -20"><span class='ocrx_word' id='word_1_303' title='bbox 308 3116 326 3177; x_wconf 91' lang='lat' dir='ltr'>l.</span> <span class='ocrx_word' id='word_1_304' title='bbox 347 3120 368 3181; x_wconf 86' lang='lat'>7</span> <span class='ocrx_word' id='word_1_305' title='bbox 387 3117 531 3177; x_wconf 87' lang='lat' dir='ltr'>sinistrum</span> <span class='ocrx_word' id='word_1_306' title='bbox 552 3125 581 3177; x_wconf 89' lang='lat' dir='ltr'>et</span> <span class='ocrx_word' id='word_1_307' title='bbox 596 3120 735 3179; x_wconf 86' lang='lat' dir='ltr'>abiectmn</span> <span class='ocrx_word' id='word_1_308' title='bbox 758 3119 890 3177; x_wconf 91' lang='lat' dir='ltr'>iudicium</span> <span class='ocrx_word' id='word_1_309' title='bbox 908 3120 945 3176; x_wconf 93' lang='lat' dir='ltr'>de</span> <span class='ocrx_word' id='word_1_310' title='bbox 963 3116 1167 3177; x_wconf 88' lang='lat' dir='ltr'>marchionibus</span> <span class='ocrx_word' id='word_1_311' title='bbox 1183 3116 1312 3195; x_wconf 65' lang='grc' dir='ltr'>Ιιαῐὶιιίε,</span> <span class='ocrx_word' id='word_1_312' title='bbox 1338 3136 1411 3193; x_wconf 88' lang='lat' dir='ltr'>quos</span> 
     </span>
     <span class='ocr_line' id='line_1_36' title="bbox 309 3202 1412 3283; baseline 0 -20"><span class='ocrx_word' id='word_1_313' title='bbox 309 3202 350 3263; x_wconf 84' lang='lat' dir='ltr'>ait</span> <span class='ocrx_word' id='word_1_314' title='bbox 371 3223 423 3261; x_wconf 84' lang='lat' dir='ltr'>non</span> <span class='ocrx_word' id='word_1_315' title='bbox 442 3223 495 3263; x_wconf 81' lang='lat' dir='ltr'>esre</span> <span class='ocrx_word' id='word_1_316' title='bbox 519 3206 605 3264; x_wconf 82' lang='lat' dir='ltr'>claros</span> <span class='ocrx_word' id='word_1_317' title='bbox 623 3204 696 3283; x_wconf 86' lang='lat' dir='ltr'>opud</span> <span class='ocrx_word' id='word_1_318' title='bbox 715 3203 843 3277; x_wconf 80' lang='lat' dir='ltr'>Latinos,</span> <span class='ocrx_word' id='word_1_319' title='bbox 872 3203 917 3263; x_wconf 83' lang='lat' dir='ltr'>scd</span> <span class='ocrx_word' id='word_1_320' title='bbox 944 3223 1002 3263; x_wconf 82' lang='lat' dir='ltr'>cura</span> <span class='ocrx_word' id='word_1_321' title='bbox 1027 3204 1179 3279; x_wconf 75' lang='lat' dir='ltr'>dignitatis,</span> <span class='ocrx_word' id='word_1_322' title='bbox 1193 3202 1309 3279; x_wconf 54' lang='lat' dir='ltr'>endum</span> <span class='ocrx_word' id='word_1_323' title='bbox 1325 3208 1412 3263; x_wconf 72' lang='lat' dir='ltr'>tom</span> 
     </span>
     <span class='ocr_line' id='line_1_37' title="bbox 309 3284 1412 3369; baseline 0.004 -22"><span class='ocrx_word' id='word_1_324' title='bbox 309 3308 384 3367; x_wconf 78' lang='lat' dir='ltr'>quem</span> <span class='ocrx_word' id='word_1_325' title='bbox 398 3288 472 3367; x_wconf 82' lang='lat' dir='ltr'>opud</span> <span class='ocrx_word' id='word_1_326' title='bbox 490 3290 624 3349; x_wconf 74' lang='lat' dir='ltr'>Bonnense</span> <span class='ocrx_word' id='word_1_327' title='bbox 644 3286 840 3369; x_wconf 74' lang='lat' dir='ltr'>(Cpolitanos)</span> <span class='ocrx_word' id='word_1_328' title='bbox 862 3294 931 3348; x_wconf 65' lang='lat' dir='ltr'>aas</span> <span class='ocrx_word' id='word_1_329' title='bbox 950 3287 967 3350; x_wconf 82' lang='lat' dir='ltr'>(i</span> <span class='ocrx_word' id='word_1_330' title='bbox 985 3284 1041 3367; x_wconf 65' lang='grc' dir='ltr'>τήν</span> <span class='ocrx_word' id='word_1_331' title='bbox 1056 3284 1215 3367; x_wconf 69' lang='grc' dir='ltr'>βασιλικήν</span> <span class='ocrx_word' id='word_1_332' title='bbox 1230 3287 1364 3367; x_wconf 75' lang='grc' dir='ltr'><strong><em>σημαίαν</em></strong></span> <span class='ocrx_word' id='word_1_333' title='bbox 1377 3287 1412 3351; x_wconf 77' lang='grc' dir='ltr'>ἒν</span> 
     </span>
     <span class='ocr_line' id='line_1_38' title="bbox 309 3370 1413 3455; baseline -0.002 -20"><span class='ocrx_word' id='word_1_334' title='bbox 309 3370 507 3453; x_wconf 75' lang='grc' dir='ltr'>στρατεύμασι</span> <span class='ocrx_word' id='word_1_335' title='bbox 527 3373 675 3455; x_wconf 78' lang='grc' dir='ltr'><strong><em>κατέχων,</em></strong></span> <span class='ocrx_word' id='word_1_336' title='bbox 700 3381 731 3433; x_wconf 86' lang='lat' dir='ltr'>et</span> <span class='ocrx_word' id='word_1_337' title='bbox 751 3374 904 3433; x_wconf 88' lang='lat' dir='ltr'>marchioni</span> <span class='ocrx_word' id='word_1_338' title='bbox 921 3380 1047 3453; x_wconf 79' lang='lat' dir='ltr'>perpetuo</span> <span class='ocrx_word' id='word_1_339' title='bbox 1063 3394 1159 3431; x_wconf 81' lang='lat' dir='ltr'>munus</span> <span class='ocrx_word' id='word_1_340' title='bbox 1182 3373 1231 3431; x_wconf 81' lang='lat' dir='ltr'>loc</span> <span class='ocrx_word' id='word_1_341' title='bbox 1250 3374 1413 3433; x_wconf 63' lang='lat' dir='ltr'>cimbam</span> 
     </span>
     <span class='ocr_line' id='line_1_39' title="bbox 309 3457 1413 3539; baseline 0.002 -23"><span class='ocrx_word' id='word_1_342' title='bbox 309 3476 363 3516; x_wconf 84' lang='lat' dir='ltr'>esse</span> <span class='ocrx_word' id='word_1_343' title='bbox 377 3465 409 3516; x_wconf 85' lang='lat' dir='ltr'>ut</span> <span class='ocrx_word' id='word_1_344' title='bbox 429 3479 495 3517; x_wconf 84' lang='lat' dir='ltr'>novo</span> <span class='ocrx_word' id='word_1_345' title='bbox 513 3464 667 3539; x_wconf 80' lang='lat' dir='ltr'>imperatori</span> <span class='ocrx_word' id='word_1_346' title='bbox 690 3460 818 3519; x_wconf 74' lang='lat' dir='ltr'>uexillum</span> <span class='ocrx_word' id='word_1_347' title='bbox 839 3460 986 3537; x_wconf 67' lang='lat' dir='ltr'>praesunt.</span> <span class='ocrx_word' id='word_1_348' title='bbox 1029 3458 1134 3516; x_wconf 86' lang='lat' dir='ltr'>scilicet</span> <span class='ocrx_word' id='word_1_349' title='bbox 1149 3457 1272 3517; x_wconf 86' lang='lat' dir='ltr'>marchio</span> <span class='ocrx_word' id='word_1_350' title='bbox 1288 3458 1413 3518; x_wconf 78' lang='lat' dir='ltr'>Montis-</span> 
     </span>
     <span class='ocr_line' id='line_1_40' title="bbox 307 3541 1413 3621; baseline 0.002 -20"><span class='ocrx_word' id='word_1_351' title='bbox 307 3542 423 3619; x_wconf 87' lang='lat' dir='ltr'>ferrati‚</span> <span class='ocrx_word' id='word_1_352' title='bbox 451 3542 590 3621; x_wconf 86' lang='lat' dir='ltr'>Misniae,</span> <span class='ocrx_word' id='word_1_353' title='bbox 619 3545 864 3621; x_wconf 86' lang='lat' dir='ltr'>Brandeburgicus</span> <span class='ocrx_word' id='word_1_354' title='bbox 884 3550 915 3601; x_wconf 90' lang='lat' dir='ltr'>et</span> <span class='ocrx_word' id='word_1_355' title='bbox 940 3542 1042 3604; x_wconf 84' lang='lat' dir='ltr'>similes</span> <span class='ocrx_word' id='word_1_356' title='bbox 1061 3545 1138 3621; x_wconf 91' lang='lat' dir='ltr'>apud</span> <span class='ocrx_word' id='word_1_357' title='bbox 1156 3541 1276 3602; x_wconf 84' lang='lat' dir='ltr'>Latinos</span> <span class='ocrx_word' id='word_1_358' title='bbox 1297 3544 1413 3603; x_wconf 81' lang='lat' dir='ltr'>maioris</span> 
     </span>
     <span class='ocr_line' id='line_1_41' title="bbox 308 3627 1416 3707; baseline 0.003 -23"><span class='ocrx_word' id='word_1_359' title='bbox 308 3627 456 3702; x_wconf 84' lang='lat' dir='ltr'>dignitatis</span> <span class='ocrx_word' id='word_1_360' title='bbox 476 3648 533 3687; x_wconf 89' lang='lat' dir='ltr'>nou</span> <span class='ocrx_word' id='word_1_361' title='bbox 555 3636 637 3689; x_wconf 85' lang='lat' dir='ltr'>erant</span> <span class='ocrx_word' id='word_1_362' title='bbox 658 3649 742 3706; x_wconf 84' lang='lat' dir='ltr'>quam</span> <span class='ocrx_word' id='word_1_363' title='bbox 758 3630 946 3707; x_wconf 85' lang='lat' dir='ltr'>lampadarius</span> <span class='ocrx_word' id='word_1_364' title='bbox 959 3635 1009 3687; x_wconf 87' lang='lat' dir='ltr'>aut</span> <span class='ocrx_word' id='word_1_365' title='bbox 1022 3630 1106 3704; x_wconf 84' lang='lat' dir='ltr'>isqui</span> <span class='ocrx_word' id='word_1_366' title='bbox 1119 3627 1250 3686; x_wconf 84' lang='lat' dir='ltr'>diveliurn</span> <span class='ocrx_word' id='word_1_367' title='bbox 1262 3634 1314 3687; x_wconf 83' lang='lat' dir='ltr'>ant</span> <span class='ocrx_word' id='word_1_368' title='bbox 1332 3631 1416 3688; x_wconf 67' lang='lat' dir='ltr'>liam</span> 
     </span>
     <span class='ocr_line' id='line_1_42' title="bbox 308 3711 1415 3792; baseline 0.004 -23"><span class='ocrx_word' id='word_1_369' title='bbox 308 3711 385 3769; x_wconf 74' lang='lat' dir='ltr'>munla</span> <span class='ocrx_word' id='word_1_370' title='bbox 406 3712 586 3791; x_wconf 85' lang='lat' dir='ltr'>imperatoria</span> <span class='ocrx_word' id='word_1_371' title='bbox 607 3716 684 3791; x_wconf 90' lang='lat' dir='ltr'>apud</span> <span class='ocrx_word' id='word_1_372' title='bbox 702 3714 828 3773; x_wconf 86' lang='lat' dir='ltr'>Graecos</span> <span class='ocrx_word' id='word_1_373' title='bbox 848 3714 1010 3792; x_wconf 87' lang='lat' dir='ltr'>imperatori</span> <span class='ocrx_word' id='word_1_374' title='bbox 1027 3713 1244 3792; x_wconf 82' lang='lat' dir='ltr'>praeportabat3</span> <span class='ocrx_word' id='word_1_375' title='bbox 1265 3732 1319 3771; x_wconf 90' lang='lat' dir='ltr'>nec</span> <span class='ocrx_word' id='word_1_376' title='bbox 1338 3732 1415 3773; x_wconf 88' lang='lat' dir='ltr'>mar-</span> 
     </span>
     <span class='ocr_line' id='line_1_43' title="bbox 309 3795 1415 3877; baseline 0.003 -23"><span class='ocrx_word' id='word_1_377' title='bbox 309 3795 423 3854; x_wconf 86' lang='lat' dir='ltr'>chiones</span> <span class='ocrx_word' id='word_1_378' title='bbox 451 3817 518 3875; x_wconf 79' lang='lat' dir='ltr'>seu,</span> <span class='ocrx_word' id='word_1_379' title='bbox 549 3804 583 3857; x_wconf 89' lang='lat' dir='ltr'>ut</span> <span class='ocrx_word' id='word_1_380' title='bbox 611 3799 712 3857; x_wconf 89' lang='lat' dir='ltr'>Graeci</span> <span class='ocrx_word' id='word_1_381' title='bbox 736 3799 897 3877; x_wconf 81' lang='lat' dir='ltr'>appellant,</span> <span class='ocrx_word' id='word_1_382' title='bbox 925 3803 1048 3858; x_wconf 80' lang='lat' dir='ltr'>mercerii</span> <span class='ocrx_word' id='word_1_383' title='bbox 1065 3816 1169 3856; x_wconf 90' lang='lat' dir='ltr'>nomen</span> <span class='ocrx_word' id='word_1_384' title='bbox 1187 3797 1242 3857; x_wconf 89' lang='lat' dir='ltr'>hoe</span> <span class='ocrx_word' id='word_1_385' title='bbox 1265 3798 1415 3857; x_wconf 80' lang='lat' dir='ltr'>habenta</span> 
     </span>
     <span class='ocr_line' id='line_1_44' title="bbox 309 3881 1414 3956; baseline 0.004 -18"><span class='ocrx_word' id='word_1_386' title='bbox 309 3881 407 3939; x_wconf 82' lang='lat' dir='ltr'>vexillo</span> <span class='ocrx_word' id='word_1_387' title='bbox 423 3900 473 3941; x_wconf 90' lang='lat' dir='ltr'>seu</span> <span class='ocrx_word' id='word_1_388' title='bbox 496 3886 598 3956; x_wconf 81' lang='lat' dir='ltr'>bando,</span> <span class='ocrx_word' id='word_1_389' title='bbox 629 3884 681 3943; x_wconf 88' lang='lat' dir='ltr'>sed</span> <span class='ocrx_word' id='word_1_390' title='bbox 702 3904 720 3943; x_wconf 91' lang='lat' dir='ltr'>a</span> <span class='ocrx_word' id='word_1_391' title='bbox 741 3884 873 3942; x_wconf 87' lang='lat' dir='ltr'>limitibus</span> <span class='ocrx_word' id='word_1_392' title='bbox 895 3884 1016 3942; x_wconf 87' lang='lat' dir='ltr'>tuendis.</span> <span class='ocrx_word' id='word_1_393' title='bbox 1059 3883 1150 3942; x_wconf 73' lang='lat' dir='ltr'>maccla</span> <span class='ocrx_word' id='word_1_394' title='bbox 1166 3884 1241 3941; x_wconf 90' lang='lat' dir='ltr'>enim</span> <span class='ocrx_word' id='word_1_395' title='bbox 1262 3883 1414 3942; x_wconf 86' lang='lat' dir='ltr'>Germanis</span> 
     </span>
     <span class='ocr_line' id='line_1_45' title="bbox 309 3967 1415 4047; baseline 0.003 -23"><span class='ocrx_word' id='word_1_396' title='bbox 309 3967 389 4025; x_wconf 86' lang='lat' dir='ltr'>limes</span> <span class='ocrx_word' id='word_1_397' title='bbox 410 3972 463 4025; x_wconf 87' lang='lat' dir='ltr'>est.</span> <span class='ocrx_word' id='word_1_398' title='bbox 504 3988 570 4027; x_wconf 90' lang='lat' dir='ltr'>nam</span> <span class='ocrx_word' id='word_1_399' title='bbox 588 3969 689 4027; x_wconf 88' lang='lat' dir='ltr'>finibus</span> <span class='ocrx_word' id='word_1_400' title='bbox 708 3970 892 4028; x_wconf 86' lang='lat' dir='ltr'>defendendis</span> <span class='ocrx_word' id='word_1_401' title='bbox 921 3969 1056 4047; x_wconf 88' lang='lat' dir='ltr'>praefecti</span> <span class='ocrx_word' id='word_1_402' title='bbox 1083 3974 1180 4045; x_wconf 86' lang='lat' dir='ltr'>eraut,</span> <span class='ocrx_word' id='word_1_403' title='bbox 1208 3968 1258 4044; x_wconf 92' lang='lat' dir='ltr'>qui</span> <span class='ocrx_word' id='word_1_404' title='bbox 1278 3969 1415 4047; x_wconf 87' lang='lat' dir='ltr'>temporis</span> 
     </span>
     <span class='ocr_line' id='line_1_46' title="bbox 204 4054 1416 4133; baseline 0.002 -24"><span class='ocrx_word' id='word_1_405' title='bbox 204 4069 229 4127; x_wconf 75' lang='lat' dir='ltr'>p</span> <span class='ocrx_word' id='word_1_406' title='bbox 245 4070 297 4129; x_wconf 75' lang='lat'>221</span> <span class='ocrx_word' id='word_1_407' title='bbox 315 4070 467 4133; x_wconf 86' lang='lat' dir='ltr'>progressu</span> <span class='ocrx_word' id='word_1_408' title='bbox 483 4055 520 4111; x_wconf 88' lang='lat' dir='ltr'>ad</span> <span class='ocrx_word' id='word_1_409' title='bbox 540 4054 723 4131; x_wconf 83' lang='lat' dir='ltr'>amplissimas</span> <span class='ocrx_word' id='word_1_410' title='bbox 738 4073 808 4131; x_wconf 85' lang='lat' dir='ltr'>opes</span> <span class='ocrx_word' id='word_1_411' title='bbox 822 4054 1029 4130; x_wconf 83' lang='lat' dir='ltr'>latissimosque</span> <span class='ocrx_word' id='word_1_412' title='bbox 1040 4054 1213 4132; x_wconf 84' lang='lat' dir='ltr'>principatus</span> <span class='ocrx_word' id='word_1_413' title='bbox 1226 4060 1416 4112; x_wconf 87' lang='lat' dir='ltr'>emerserunt:</span> 
     </span>
     <span class='ocr_line' id='line_1_47' title="bbox 315 4137 1416 4217; baseline 0.001 -22"><span class='ocrx_word' id='word_1_414' title='bbox 315 4139 405 4213; x_wconf 89' lang='lat' dir='ltr'>qualis</span> <span class='ocrx_word' id='word_1_415' title='bbox 425 4138 543 4197; x_wconf 81' lang='lat' dir='ltr'>enimet</span> <span class='ocrx_word' id='word_1_416' title='bbox 565 4158 648 4215; x_wconf 90' lang='lat' dir='ltr'>quam</span> <span class='ocrx_word' id='word_1_417' title='bbox 665 4145 767 4217; x_wconf 86' lang='lat' dir='ltr'>potens</span> <span class='ocrx_word' id='word_1_418' title='bbox 791 4140 914 4198; x_wconf 88' lang='lat' dir='ltr'>marchio</span> <span class='ocrx_word' id='word_1_419' title='bbox 934 4140 1199 4217; x_wconf 87' lang='lat' dir='ltr'>Brandeburgicus,</span> <span class='ocrx_word' id='word_1_420' title='bbox 1220 4139 1344 4197; x_wconf 86' lang='lat' dir='ltr'>marchio</span> <span class='ocrx_word' id='word_1_421' title='bbox 1358 4137 1416 4196; x_wconf 84' lang='lat' dir='ltr'>Ba·</span> 
     </span>
     <span class='ocr_line' id='line_1_48' title="bbox 314 4216 1416 4303; baseline -0.001 -23"><span class='ocrx_word' id='word_1_422' title='bbox 314 4222 426 4303; x_wconf 85' lang='lat' dir='ltr'>densis,</span> <span class='ocrx_word' id='word_1_423' title='bbox 445 4224 567 4284; x_wconf 88' lang='lat' dir='ltr'>marchio</span> <span class='ocrx_word' id='word_1_424' title='bbox 586 4216 813 4303; x_wconf 65' lang='lat' dir='ltr'>(impaciens,</span> <span class='ocrx_word' id='word_1_425' title='bbox 833 4224 955 4292; x_wconf 84' lang='lat' dir='ltr'>marchio</span> <span class='ocrx_word' id='word_1_426' title='bbox 971 4225 1130 4303; x_wconf 86' lang='lat' dir='ltr'>Moraviae‚</span> <span class='ocrx_word' id='word_1_427' title='bbox 1150 4223 1272 4282; x_wconf 91' lang='lat' dir='ltr'>marchio</span> <span class='ocrx_word' id='word_1_428' title='bbox 1293 4223 1416 4300; x_wconf 83' lang='lat' dir='ltr'>Burgoi-</span> 
     </span>
    </p>
   </div>
   <div class='ocr_carea' id='block_1_8' title="bbox 314 4308 1417 4391">
    <p class='ocr_par' dir='ltr' id='par_1_14' title="bbox 314 4308 1417 4391">
     <span class='ocr_line' id='line_1_49' title="bbox 314 4308 1417 4391; baseline 0.002 -26"><span class='ocrx_word' id='word_1_429' title='bbox 314 4324 363 4367; x_wconf 89' lang='lat' dir='ltr'>cus</span> <span class='ocrx_word' id='word_1_430' title='bbox 380 4315 410 4368; x_wconf 88' lang='lat' dir='ltr'>et</span> <span class='ocrx_word' id='word_1_431' title='bbox 433 4310 499 4371; x_wconf 76' lang='lat' dir='ltr'>alii‘i</span> <span class='ocrx_word' id='word_1_432' title='bbox 541 4311 604 4391; x_wconf 88' lang='lat' dir='ltr'>ipse</span> <span class='ocrx_word' id='word_1_433' title='bbox 629 4312 715 4373; x_wconf 88' lang='lat' dir='ltr'>etiam</span> <span class='ocrx_word' id='word_1_434' title='bbox 742 4310 858 4372; x_wconf 80' lang='lat' dir='ltr'>Nicetes</span> <span class='ocrx_word' id='word_1_435' title='bbox 887 4310 1042 4371; x_wconf 78' lang='lat' dir='ltr'>Chouiates</span> <span class='ocrx_word' id='word_1_436' title='bbox 1068 4309 1128 4377; x_wconf 73' lang='lat' dir='ltr'>in</span> <span class='ocrx_word' id='word_1_437' title='bbox 1157 4310 1193 4369; x_wconf 92' lang='lat' dir='ltr'>de</span> <span class='ocrx_word' id='word_1_438' title='bbox 1219 4308 1304 4369; x_wconf 89' lang='lat' dir='ltr'>rebus</span> <span class='ocrx_word' id='word_1_439' title='bbox 1325 4309 1417 4387; x_wconf 85' lang='lat' dir='ltr'>gestis</span> 
     </span>
    </p>
   </div>
   <div class='ocr_carea' id='block_1_9' title="bbox 0 0 1557 4867">
    <p class='ocr_par' dir='ltr' id='par_1_15' title="bbox 0 0 1557 4867">
     <span class='ocr_line' id='line_1_50' title="bbox 0 0 1557 4867; baseline 0 0"><span class='ocrx_word' id='word_1_440' title='bbox 0 0 1557 4867; x_wconf 95' lang='lat' dir='ltr'> </span> 
     </span>
    </p>
   </div>
  </div>
 </body>
</html>
