3075 4867
256 327 308 398 80
519 378 524 387 .
573 323 722 397 conlou
744 323 1043 394 uuuorttaran

255 495 499 588 παραγενομένου
522 494 573 584 ἐφ’
599 487 672 563 odd
696 497 831 586 σταυρὸς
852 499 995 579 ἰ’στοται,
1030 495 1160 566 όπάλαι
1175 494 1274 587 φόρος
1287 497 1361 564 ἕνα·

216 607 240 662 Β
258 609 353 680 λεῖτο,
380 599 541 687 ἀπέρχεται
560 597 736 684 ὃβοσιλεῦς
755 606 808 668 καὶ
831 601 934 671 ἀκούει
948 602 1004 686 τήν
1019 602 1090 668 κατ’
1112 603 1187 680 ἔθος
1202 605 1294 668 ε’κεΐσε
1309 603 1361 669 dtr-

255 704 437 788 τελουμένην
462 702 659 770 ἀκολουθίαν.
709 707 787 792 μετά
802 708 836 772 δέ
851 706 906 792 τήν
922 704 1070 773 ἀπόλυσιν
1085 705 1249 793 ἀπέρχεται
1265 699 1360 782 αὖθις

257 813 299 886 εἷς
313 809 348 874 τὸ
365 803 524 872 παλύτιον.

360 911 452 976 Κατὰ
471 909 527 993 τήν
547 905 655 995 ἑορτήν
670 916 731 976 τῶν
746 911 884 998 γενεσίων
904 919 959 994 τῆς
972 910 1123 979 θεοτόιιου
1137 909 1301 1000 ἀπέρχεται
1316 912 1385 989 titt

254 1016 311 1099 τὴν
328 1013 498 1096 σεβασμίου
511 1012 608 1097 μονήν
622 1012 677 1096 τήν
690 1021 746 1082 τοῦ
758 1013 874 1097 Λιβός.

146 1135 240 1191 Ρ113
358 1116 451 1182 Κατά
475 1115 530 1198 τήν
556 1113 678 1200 μνήμην
706 1125 762 1184 τοῦ
789 1116 922 1203 μεγάλου
944 1118 1125 1202 Δημητρίου
1153 1120 1197 1194 εἷς
1223 1116 1279 1200 τήν
1307 1115 1358 1182 ἔπ’

253 1213 383 1304 ’ὀνόματι
413 1218 510 1285 amco
535 1221 708 1304 τιμωμένην
738 1224 909 1306 σεβασμίου
937 1220 1034 1306 μονήν
1058 1221 1195 1305 τὴντῶν
1218 1223 1362 1286 Πολοισ·

258 1315 364 1410 λόγων.
1378 1347 1384 1377 ··

361 1425 453 1490 Κατά
468 1425 523 1508 τήν
536 1433 590 1492 τοῦ
607 1422 739 1512 μεγάλου
753 1424 982 1515 Χρυσοπόμου
998 1422 1121 1511 μνήμην
1137 1425 1300 1513 ἀπέρχεται
1318 1428 1386 1503 stet

259 1529 316 1612 τήν
330 1525 419 1614 ἀγίου
433 1530 563 1615 Σοφίαν,
588 1533 639 1596 καὶ
654 1528 757 1596 ἀκούει
772 1533 828 1613 μέν
841 1537 902 1596 τῶν
917 1528 1081 1615 ἕσπεριυῶυ
1095 1527 1209 1611 ὕμνων,
1233 1531 1312 1612 μετὰ
1326 1531 1362 1596 δέ

260 1633 316 1716 τήν
336 1630 483 1698 ἀπόλυσιν
506 1631 661 1720 ἀνέρχεται
682 1637 724 1711 εἷς
745 1634 781 1700 τὸ
797 1637 914 1699 κελλίον
928 1639 982 1698 τοῦ
997 1629 1186 1719 πατριάρχου
1203 1629 1362 1698 ἀναοαυό·

262 1759 352 1820 μενος
364 1739 473 1802 ἐκεῖσε·
504 1741 543 1824 τῇ
560 1737 594 1800 ἀὲ
609 1736 752 1821 ἐπαύριον
769 1738 848 1802 κατὰ
860 1736 912 1804 τάν
924 1742 980 1820 τής
991 1738 1080 1812 θείας
1093 1737 1278 1824 λειτουργίας
1293 1762 1372 1802 κατε,

264 1839 318 1928 ρὸν
333 1839 507 1924 κατέρχεται
514 1865 524 1917 3
548 1841 599 1904 καὶ
614 1838 727 1923 ταύτης
742 1841 936 1924 τελεσθείσης
952 1838 1125 1925 ἀπέρχεται.
1347 1922 1350 1928 4

366 1941 456 2006 Κατά
465 1930 527 2023 ’τήν
545 1947 607 2008 τῶν
623 1945 759 2008 εἷσοάίωυ
773 1951 828 2028 τῆς
841 1939 992 2009 θεοτόκου
1002 1938 1127 2028 μνήμην
1142 1942 1303 2029 ἀπέρχεται
1318 1941 1363 2018 εἲς
1372 1951 1408 2011 1⁵

263 2044 318 2130 τήν
333 2051 387 2128 τῆς
402 2044 613 2130 Περιβλέπτου
630 2048 801 2129 σεβασμίου
813 2044 921 2130 μονήν.

223 2163 246 2218 Β
367 2147 459 2212 Κατά
481 2146 538 2231 τήν
559 2155 613 2214 τού
634 2147 768 2234 μεγάλου
784 2151 950 2216 Βασιλείαν
973 2145 1135 2235 ἀπέρχεται
1156 2141 1303 2223 ὡσαύτως
1321 2147 1365 2222 εἷς

261 2243 319 2336 τήν
330 2251 380 2315 ἐπ’
400 2247 528 2333 ὀνόματι
542 2251 638 2318 aizoo
649 2253 822 2337 τιμωμένην
835 2250 1006 2335 σεβασμίου
1018 2249 1126 2334 μονήν.

979 2381 1007 2433 ις
1029 2379 1083 2441 του
1104 2359 1166 2418 τῶν
1181 2353 1365 2436 Βλαχερνῶυ

260 2455 345 2535 ναόν,
372 2454 625 2522 ἀκολουθούντων
646 2462 696 2522 καὶ
714 2466 776 2524 τῶν
789 2456 970 2542 Βοράγγων.
1021 2458 1072 2521 καὶ
1089 2453 1217 2520 πάντοτε
1235 2455 1291 2536 μὲν
1307 2459 1411 2524 roaiz)

260 2559 412 2644 βασιλέως
421 2558 697 2640 νοβαλλικεύουτος
718 2561 954 2639 ἀκολουθοῦσιν,
980 2559 1124 2647 φέροντες
1138 2558 1188 2624 ἐπ’
1204 2556 1296 2638 ιύμωυ
1310 2555 1366 2632 τάς
1391 2545 1395 2548 ’

261 2664 392 2738 πελέκεις
415 2661 516 2726 αὐτῶν
540 2666 590 2726 καί
614 2664 704 2752 μέχρι
727 2670 788 2729 τῶν
807 2660 957 2747 Ὕψηλῶν
982 2661 1199 2749 ἀπερχόμενοι,
1232 2659 1311 2723 κατὰ
1330 2661 1367 2723 δέ

263 2766 376 2849 ταύτην
392 2763 447 2848 τήν
461 2762 571 2854 ἑορτήν
583 2767 673 2855 μέχρι
686 2769 737 2832 καὶ
751 2773 807 2834 τού
820 2774 895 2832 ναοῦ
909 2767 1144 2834 ἀκολουθοῦσιν.
1190 2762 1226 2830 ού
1240 2761 1303 2846 μήν
1314 2765 1367 2826 καλ

334 2911 352 2964 6
370 2905 521 2978 σεβασμίου
539 2923 580 2961 om
598 2907 623 2962 A

264 3029 379 3096 batur),
404 3028 432 3081 in
456 3027 531 3081 cuius
556 3026 656 3082 vertice
682 3043 747 3087 crux
763 3028 874 3097 visitur,
903 3047 935 3082 eo
952 3027 1032 3085 ctiam
1049 3046 1079 3082 aa
1094 3027 1199 3081 confert
1214 3027 1367 3097 imperator,

267 3099 479 3220 auditpiueapuod
499 3113 547 3167 pro
563 3115 635 3150 more
653 3096 694 3151 ibi
710 3098 848 3170 peragitur
865 3099 990 3153 officium.
1025 3097 1151 3152 missione
1170 3099 1232 3151 data
1251 3098 1367 3165 reverti-

266 3179 342 3224 tura
378 3187 393 3236 ρ
421 3167 511 3220 atium.

335 3239 367 3290 In
384 3238 452 3289 festo
472 3234 619 3293 nativitatis
636 3236 761 3306 deiparae
779 3235 837 3289 abit
858 3238 892 3289 ad
908 3236 1061 3290 venerabile
1077 3234 1264 3291 monasterium
1279 3233 1366 3292 Libia.

334 3307 366 3360 In
383 3305 507 3358 memoria
525 3305 612 3374 magni
629 3306 757 3358 Demetrii
780 3307 843 3357 abit.
860 3305 1003 3374 imperator
1027 3308 1061 3359 ad
1083 3306 1259 3360 venerandum
1276 3322 1367 3357 mona-

266 3376 374 3432 sterium
392 3375 614 3443 Palaeologorum‚
634 3377 704 3444 quod
722 3375 974 3445 nomina-,praedicti
989 3375 1114 3447 martyris
1131 3375 1282 3444 insignitur.

336 3444 419 3498 Festo
438 3445 524 3514 magni
542 3444 725 3512 Chryaostomi
750 3445 856 3497 confert
878 3461 909 3497 se
932 3445 966 3498 ad
990 3446 1021 3496 S.
1039 3440 1183 3512 Sophiam,
1209 3453 1238 3497 et
1254 3442 1368 3496 interest

266 3514 427 3584 vespertinis
444 3514 575 3568 laudibus.
612 3515 707 3582 quibus
725 3514 852 3569 absolutis
874 3513 964 3566 cellam
987 3513 1154 3583 patriarchae
1175 3513 1256 3583 petit,
1284 3521 1314 3565 at
1328 3508 1368 3563 ibi

266 3582 396 3705 ιηοίρεεζηαῐ.
431 3591 538 3652 postero
564 3581 609 3636 dio
635 3583 705 3640 eirca
728 3582 853 3654 liturgiae
877 3591 980 3654 tempus
1005 3582 1156 3650 descendit,
1183 3599 1269 3651 eaque
1289 3581 1368 3634 finita

285 3653 337 3704 λοσε
357 3651 387 3704 it.

334 3720 366 3773 In
383 3721 596 3790 praesentatione
611 3721 737 3792 deiparae
754 3721 885 3792 virginis,
910 3719 1014 3790 quando
1036 3719 1161 3789 templum
1178 3718 1300 3789 ingressa
1315 3726 1367 3786 est,

267 3788 322 3844 abit
339 3790 373 3842 ad
390 3789 567 3844 venerandum
584 3791 770 3844 monasterium
786 3799 924 3862 spectatae
941 3798 969 3844 ct
987 3788 1156 3844 admirandae
1173 3787 1286 3858 rirgioia
1309 3787 1369 3841 dci·

286 3875 358 3912 arae.

265 3877 283 3930 p
334 3929 418 3982 Festo
445 3925 534 3995 magni
550 3926 642 3979 Basilii
667 3928 770 4002 confert
794 3946 824 3982 se
845 3928 989 3998 imperator
1011 3929 1044 3981 ad
1067 3925 1220 3985 venerabile
1236 3932 1369 3990 mpnaste-

266 3998 342 4064 rium,
363 3996 434 4065 quod
450 3995 526 4049 istius
544 3997 647 4049 nomine
665 3997 818 4051 bonoratur.
1270 4033 1274 4042 .

334 4066 365 4119 In
383 4066 455 4118 festo
468 4081 590 4118 occursus
608 4083 655 4119 scu
671 4066 863 4134 purificationis
881 4063 978 4135 recipit
992 4083 1022 4118 se
1039 4063 1183 4134 imperator
1197 4065 1230 4117 ad
1242 4061 1369 4116 Blacher-

267 4152 357 4190 narum
374 4132 511 4204 templum,
539 4134 723 4189 comitantibus
741 4129 886 4218 Βοεεορίο,
912 4133 957 4202 qui
973 4152 1077 4202 semper
1092 4135 1275 4204 imperatorem
1291 4132 1369 4200 equi-

267 4213 365 4258 tantem
384 4203 555 4271 comitantur,
582 4213 717 4273 portantes
742 4205 857 4259 humeris
881 4203 936 4258 suia
954 4221 1062 4269 accures
1085 4221 1160 4270 suas,
1184 4204 1370 4270 deducuntque

268 4291 351 4342 usque
369 4276 403 4327 ad
420 4273 503 4326 locum
519 4267 633 4342 ‘ronta
649 4273 756 4327 dietum.
791 4282 820 4327 at
831 4273 865 4327 =in
882 4273 932 4326 boo
949 4274 1017 4325 festo
1035 4273 1114 4325 etiam
1131 4273 1165 4325 ad
1181 4272 1304 4340 templum
1321 4286 1369 4322 oo-
1445 4335 1448 4340 Ι

268 4341 408 4410 mirantum
433 4342 478 4398 ubi
501 4351 666 4398 tamewnon
690 4350 797 4397 manent
818 4359 901 4414 usque
923 4343 956 4399 ad
978 4341 1146 4411 inperatoris
1161 4343 1293 4410 reditum,
1319 4341 1369 4394 aed
