3075 4867
833 128 847 160 ἢ

524 313 571 382 ΙΝ
594 303 743 386 ΟΟὉΙΝῙ
762 315 847 384 Chl’.
877 315 905 382 1.
1200 319 1271 391 131

177 481 277 540 auctor
295 472 536 558 Tarcograeaiae,
553 475 607 539 sed
628 476 708 542 male.
749 498 817 543 uam
836 479 1057 560 confugientium
1077 481 1115 542 ad
1128 479 1272 544 eodeshm

177 581 244 624 cura
262 564 423 644 pertinebat
450 559 528 646 reads
546 561 602 628 edu
627 570 685 630 rosi
707 568 880 642 auaritiae,
906 572 1047 645 utsupra
1071 567 1177 628 dictum
1201 590 1224 628 c
1243 573 1272 633 8.

176 650 291 729 itaque,
330 649 356 708 si
390 645 514 709 definitio
550 647 620 709 haec
658 649 806 730 probanda
844 652 901 731 sit,
938 649 1019 711 aliter
1051 653 1182 733 explicari
1222 655 1273 714 da-

177 733 271 813 hebit,
300 739 334 793 ut
360 751 412 813 per
430 729 609 816 πρὸσφυγας
635 735 825 814 intelligamus
842 735 905 795 illos
926 737 1028 812 quiex
1049 738 1212 816 captivitate
1234 740 1273 798 ad

177 818 354 878 Christianos
376 836 429 896 spe
452 817 590 878 libertatis
615 821 799 898 confugiunt,
831 838 891 881 non
913 826 1008 882 autem
1025 818 1087 880 illas
1108 823 1158 901 qui
1174 823 1273 882 consu-

176 905 259 983 giunt
275 903 315 963 ed
335 902 478 962 ecclesiam
497 909 633 980 tauquam
651 905 689 966 ad
708 905 817 983 asylum
835 906 1010 984 impunitatis
1028 906 1127 983 gratia
1172 908 1272 972 dicitur

176 986 376 1068 πρωτέκὸικος
392 994 522 1066 respectu
536 990 653 1050 abarum
671 989 798 1056 iudtuaa
817 1008 868 1050 seu
881 990 1072 1050 defensorum:
1090 989 1184 1070 plures
1198 993 1274 1053 enim

176 1078 273 1146 erant3
303 1073 342 1131 ad
359 1089 479 1152 quarum
500 1092 601 1134 munus
621 1075 782 1154 pertinebat
798 1093 913 1152 quoque
930 1094 1085 1154 pauperum
1101 1082 1138 1134 et*
1149 1073 1272 1142 intirmo-

175 1173 242 1217 rum
260 1175 343 1235 cura,
373 1175 411 1216 ne
435 1160 657 1238 opprimerentur
680 1177 698 1218 a
716 1161 939 1239 potentioribus,
969 1167 1004 1221 ut
1024 1161 1107 1220 docet
1123 1160 1274 1222 Balsaman

176 1242 208 1302 in
230 1259 284 1301 sua
307 1243 344 1300 de
366 1241 582 1322 chartophylace
595 1249 626 1304 et
646 1247 808 1324 protecdioo
825 1244 1036 1323 disceptatione
1076 1250 1108 1303 et
1124 1245 1189 1304 olim
1210 1247 1274 1324 qul·

178 1328 244 1418 dem
261 1325 324 1386 laici
343 1326 397 1387 hac
419 1325 510 1388 officia
531 1328 740 1409 fungebantur,
768 1335 870 1410 pastea
895 1337 991 1389 tamen
1016 1327 1120 1389 clericis
1146 1332 1274 1394 commis-

177 1427 241 1472 sum
282 1417 352 1472 est*
376 1414 567 1492 protecdicum
601 1414 712 1474 rettulit
752 1414 828 1474 inter
869 1411 1077 1474 exaustacoelos
1114 1415 1274 1494 Xiphilinru

177 1496 354 1574 patriarcha,
394 1501 428 1556 ut
464 1517 488 1557 c
529 1503 551 1561 2
583 1487 722 1560 'diximuss
766 1506 851 1558 antea
893 1501 968 1558 enim
1008 1500 1123 1558 minoris
1164 1500 1275 1560 subsel-

176 1579 207 1638 lii
227 1583 409 1660 magistratus
438 1588 507 1642 erat.
549 1581 696 1646 iudeusioa
727 1584 804 1662 apud
831 1580 1027 1644 Balsamonem
1052 1581 1130 1643 locus
1154 1591 1199 1644 est
1225 1585 1275 1644 ubi

179 1665 355 1744 uilissimos,
376 1684 449 1744 quae
470 1669 593 1728 muneris
613 1668 657 1728 sui
682 1674 766 1746 sunt,
799 1673 945 1728 asservant
970 1667 1131 1729 consultant
1155 1676 1186 1730 et
1209 1688 1275 1752 per-

177 1757 277 1832 agunt.
318 1749 469 1830 ἐκδίκησις
486 1759 531 1812 est
551 1753 614 1833 ipsa
630 1753 755 1812 defensio
771 1771 823 1814 sen
844 1758 906 1816 saia
919 1753 1047 1816 iudiuaoa
1066 1755 1148 1814 aedo.

264 1850 480 1911 Observandum
505 1858 550 1911 est
569 1851 654 1912 etiam
669 1851 699 1911 in
719 1852 849 1912 Romana
866 1849 982 1914 ecclesia
1009 1854 1096 1914 fuisse
1118 1855 1275 1933 antiquitus

179 1933 347 2018 desuuma,
370 1953 514 2014 unumque
535 1954 570 1996 ex
599 1937 709 1998 illarum
733 1955 849 1997 numero
880 1938 1075 2018 praecipuum,
1100 1943 1149 2016 qui
1171 1945 1277 2020 prunus
1323 1947 1326 1951 '

181 2021 303 2101 dafenus
341 2021 460 2082 audiret
509 2038 629 2099 quorum
662 2018 784 2082 affluam
811 2021 933 2083 breviter
970 2025 1136 2085 describitur
1173 2025 1277 2104 (verba

181 2105 324 2187 Ouuphrii
347 2102 453 2185 refero)
482 2122 501 2164 a
535 2105 651 2184 Pelagio
682 2107 713 2166 iu
747 2107 889 2186 Rescripta
915 2107 954 2167 ad
980 2105 1153 2172 Antoninum
1184 2107 1278 2167 Patri-

180 2193 268 2268 oiam‚
293 2207 367 2268 quae
381 2187 544 2269 postulabat
562 2191 728 2250 monachum
744 2187 804 2252 fieri
824 2192 1000 2272 defessores,
1026 2194 1130 2271 inquo
1151 2193 1278 2268 ostendit

181 2273 305 2337 officium
330 2275 458 2336 monachi
487 2281 517 2336 et
542 2276 685 2354 &fauoris
715 2278 862 2336 convenire
892 2294 951 2336 non
972 2297 1057 2355 posse
1096 2277 1169 2340 “illu
1197 2281 1277 2350 eurr,

179 2362 274 2438 iuquit
318 2363 391 2440 pairs
431 2365 531 2437 aratia,
560 2362 637 2420 labar
664 2380 789 2422 munuum
807 2359 999 2443 (competit):
1030 2370 1062 2423 at
1078 2367 1114 2423 iis
1134 2381 1277 2422 musanen

181 2449 315 2525 cognitio,
336 2448 530 2516 conventiones,
558 2451 650 2517 actus,
673 2447 782 2524 publica
802 2447 911 2525 litigia,
939 2453 966 2508 et
985 2467 1152 2528 quaecuuque
1171 2447 1212 2506 au
1231 2467 1278 2506 ec-

181 2532 334 2592 clesiastica
353 2533 481 2590 irutituta
498 2531 540 2590 ael
561 2532 767 2611 supplicantium
791 2535 933 2592 necessitas
953 2524 1066 2609 pascit''.
1107 2553 1143 2591 ex
1163 2534 1278 2592 demeto

181 2615 294 2676 Urbani
322 2620 403 2694 patet
424 2617 612 2695 procuratoris
632 2615 744 2676 uomiue
765 2615 882 2693 intelligi
906 2617 1057 2693 quemlibet
1079 2617 1279 2676 ecclesiastica·

181 2720 245 2760 rum
264 2719 358 2760 renum
381 2701 648 2777 administratorem,
668 2707 702 2759 ut
717 2699 796 2759 verbi
813 2701 905 2778 gratia
925 2702 1133 2780 praepositum,
1157 2721 1277 2762 oecono-
1291 2699 1315 2756 Ρ
1330 2700 1381 2756 162

180 2801 278 2864 mum,
301 2785 519 2864 vicedominum,
553 2785 707 2844 defensoris
727 2786 844 2858 nomine
862 2786 1028 2847 advocatum
1043 2786 1102 2845 sive
1121 2787 1278 2846 castaldum

181 2878 213 2931 et
226 2871 347 2928 iudicem
361 2876 414 2928 etc.
436 2888 555 2945 quorum
567 2870 681 2946 quidam
700 2870 861 2928 defensores
885 2870 946 2928 siue
970 2871 1143 2949 adiectione,
1164 2871 1278 2946 quidam
1335 2912 1337 2918 ι

66 2983 67 2988 ¹
182 2957 346 3014 defensores
359 2955 507 3032 regionarii
527 2956 693 3035 dictisuut,
709 2957 786 3030 quod
802 2955 906 3013 sufficet
930 2954 960 3013 in
977 2956 1093 3034 siugulis
1116 2957 1284 3034 regionibus¹
1348 2981 1353 2990 ·

183 3040 328 3099 distributi
340 3045 442 3098 essent.
462 3057 581 3116 quorum
601 3040 705 3117 primus
721 3035 765 3098 vel
778 3041 908 3116 princeps
916 3041 1085 3116 primicerius
1099 3042 1277 3100 defensorum

183 3125 345 3202 dicebatur,
365 3143 483 3201 magnae
504 3125 534 3183 iu
557 3125 671 3183 ecclesia
698 3123 828 3184 Romana
851 3125 1069 3184 existimationis.
1104 3125 1173 3184 haec
1196 3127 1278 3184 Onu-

183 3211 282 3290 phrius
309 3209 339 3268 in
362 3209 488 3287 explicat
514 3229 613 3268 vacum
637 3207 821 3268 Ecclesiastic
863 3210 947 3268 docet
960 3210 1097 3268 Batonius
1115 3212 1279 3286 reginarius

183 3297 331 3374 defessores
349 3293 495 3353 institutos
514 3295 634 3354 fuissea
653 3295 682 3352 S.
701 3294 840 3372 Gregorio
859 3311 933 3352 anno
948 3295 1141 3372 domiui598,
1159 3299 1194 3351 ut
1205 3294 1279 3354 deut
1322 3314 1327 3320 ⁸

184 3385 268 3439 mant
283 3383 392 3457 septem
407 3382 554 3456 reginaudi
567 3383 668 3439 usaue
681 3385 710 3437 et
728 3380 848 3438 totidem
865 3382 1014 3453 regiuaarii
1032 3379 1153 3454 diaconi,
1173 3379 1215 3436 ita
1233 3383 1279 3436 et*

182 3466 239 3525 iam
260 3469 356 3522 esseut
376 3471 486 3542 septem
503 3464 649 3543 defursues
667 3466 829 3539 regionarii,
847 3462 962 3520 caeteris
978 3463 1123 3540 dignitate
1133 3467 1280 3540 praestan·

181 3551 285 3622 tiores3
314 3549 350 3607 de
378 3550 479 3626 quibus
506 3549 556 3627 qui
584 3547 666 3630 plura
691 3548 788 3628 cupit,
818 3545 1018 3616 isBaronium
1046 3545 1174 3608 consulet
1203 3566 1280 3608 anuo

182 3633 296 3722 Christi
310 3633 383 3700 698.

255 3747 312 3819 p.4
327 3765 355 3805 r.
368 3749 411 3803 11.
435 3743 557 3818 συνόδῳ]
581 3763 632 3800 nou
648 3746 756 3800 omnium
772 3745 816 3800 vel
831 3763 864 3800 cx
881 3745 978 3800 mactis
994 3743 1129 3816 proviaciis
1144 3742 1280 3814 episcopa-

184 3833 241 3872 rnm
250 3817 410 3938 'rpuorundarn
421 3817 494 3870 simul
505 3821 648 3870 casatorum
660 3817 747 3868 concio
757 3811 875 3900 madae
884 3823 938 3868 est.
956 3815 1070 3897 captiaut
1086 3831 1142 3866 eam
1158 3831 1191 3866 ex
1210 3828 1281 3865 mara

185 3894 259 4008 tel
275 3885 953 4024 „attribuissettitubat
970 3881 1280 4018 lffihl‘hltlttb

186 4039 355 4094 quaecunque
365 4024 409 4077 lib.
420 4025 438 4078 3
449 4032 475 4078 et
485 4021 502 4078 4
515 4023 583 4076 Iuris
595 4023 648 4075 GR
657 4022 737 4092 legis,
750 4031 810 4076 snut
819 4020 933 4076 definita.

273 4113 354 4174 Haec
376 4109 414 4173 de
439 4111 530 4194 prima
555 4110 679 4192 peutade
701 4105 855 4170 officiarum
881 4114 913 4170 et
937 4105 1094 4170 officialium
1117 4101 1281 4166 ecdesiasti-

187 4216 291 4259 rorum.

628 4351 833 4372 W
