3075 4867
507 347 511 355 ,
556 306 605 375 IN
633 306 781 375 CODlNl
810 307 894 377 CAP.
919 304 961 375 IL
1241 309 1310 381 191Ι

204 462 386 537 potiendam
402 464 581 539 Thomamqae
598 470 632 523 ab
650 470 738 524 eodem
755 409 846 523 Leone
861 452 1042 591 τουρμιίργγν
1063 468 1115 522 τοῦ
1139 456 1314 539 φοιιλιρίτου

204 533 347 606 τάγματος
361 536 501 589 institutum
518 538 634 607 legimus.
669 556 790 595 successu
807 538 928 623 temporis
951 554 1001 607 φοι
1020 532 1115 605 εροίτοι
1140 540 1167 593 in
1189 532 1315 604 ἑταιρίας

205 606 314 671 mutati,
340 621 447 674 quorum
474 605 532 663 duci
556 601 733 678 ἕταιριοίργου
750 625 840 661 nomeu
857 608 1011 679 impositum.
1046 606 1101 659 Leo
1125 609 1314 661 Grammaticus

205 676 240 730 de
252 675 380 727 Michacle
394 674 531 743 Theophili
541 677 604 729 tilio:
630 674 795 746 παρέδωκεν
805 676 960 745 Βασίλειον,
972 676 1016 739 ait,
1028 668 1140 749 ’Λνιλρέᾳ
1151 670 1317 747 iracundum

204 745 258 797 aaa
276 739 408 805 εἶναιτίς
424 738 478 811 τὴν
495 737 631 812 ἑταιρίαν.
649 764 682 799 cx
699 747 810 807 sertata
828 745 961 815 siquidem,
979 744 1128 815 parentibus
1144 746 1315 809 licetlllace-

205 814 331 877 donibus,
358 812 479 864 oriundus
505 821 562 866 erat
578 815 697 869 Basilius.
732 815 921 867 hetaeriarches
937 814 1025 882 itaque
1044 814 1141 865 exteris
1159 814 1221 869 belli
1239 815 1315 867 sociis

205 884 363 1004 praelectus,
379 887 409 933 ut
425 887 534 937 turmam
551 902 584 937 ex
600 884 720 936 militibus
736 884 817 935 variis
836 882 979 935 nationibus
997 883 1060 935 ortis
1079 870 1191 953 collegit,
1208 882 1246 935 itu
1256 885 1313 936 foe·

225 952 304 1004 eratis
320 945 395 1004 nacci
412 947 555 1017 διαφόρου
571 950 621 1007 καί
637 954 788 1023 συμμιγοῦς
804 947 970 1021 φερομένοις
986 948 1135 1020 πλήθους,
1160 952 1197 1003 alt
1221 952 1316 1019 Olym·

205 1019 330 1091 piodorus
347 1020 416 1089 apud
433 1020 562 1086 Photinm,
580 1022 705 1076 succedit
743 1022 810 1075 haud
822 1028 906 1075 tamen
919 1020 1034 1073 omm'bua
1045 1021 1201 1091 imperabat:
1222 1020 1317 1074 Franci

208 1089 272 1141 enim
289 1087 495 1148 constabulario,
521 1091 634 1158 Baruugi
658 1091 734 1159 Angli
750 1092 870 1144 acolutho
888 1096 940 1152 etc.
957 1092 1089 1142 suberant.
1125 1089 1252 1157 reperitur
1269 1091 1316 1142 lie-⁴

207 1159 366 1211 tueriarches
390 1158 473 1211 Persa
490 1159 580 1213 Persis
607 1160 757 1231 imperitans
784 1160 851 1231 opud
871 1160 984 1214 Leonem
1002 1158 1202 1215 Grammaticum
1219 1159 1244 1211 in
1262 1158 1315 1219 tal-

211 1221 299 1280 chaele
313 1226 461 1297 Theophili.
495 1229 557 1282 ride
573 1228 749 1283 centucuacui
769 1234 784 1287 1
802 1232 847 1285 ΞΟ.

292 1351 321 1411 p.
338 1334 378 1395 10
391 1349 419 1389 v.
433 1335 461 1397 6.
493 1331 617 1411 Magnus
644 1333 840 1412 chartularius]
867 1334 998 1395 scnbitur
1024 1334 1108 1393 etiam
1133 1326 1315 1414 γαρτουλλοῖ·

207 1439 288 1499 ριος,
309 1437 328 1474 a
345 1417 443 1475 charta
467 1418 567 1495 utique
582 1420 696 1480 nomine
711 1421 815 1493 duct0;
842 1420 942 1497 quiet
965 1422 996 1477 in
1017 1420 1147 1497 ecclesia,
1174 1425 1315 1495 utsupra

206 1502 398 1579 meminimus,
419 1507 449 1562 et
469 1504 498 1561 in
519 1505 602 1585 aula,
622 1510 656 1563 ut
675 1507 730 1563 iste
756 1507 793 1563 de
811 1523 868 1581 quo
886 1506 917 1564 iu
934 1506 1092 1585 praesenti3
1114 1522 1198 1579 quem
1219 1504 1313 1561 Zona-

207 1608 255 1647 ras
280 1589 310 1646 in
330 1585 428 1646 Leone
448 1586 569 1649 Isaurico
593 1596 676 1651 vocat
697 1594 759 1652 τοῖν
783 1592 949 1673 βασιλικῶν
967 1590 1069 1675 innuo
1091 1590 1312 1657 ἐπιστατοῦντα.

208 1678 271 1733 arat
287 1672 373 1733 etiam
387 1673 511 1749 dignitas
524 1675 699 1735 cubicularia.
718 1676 784 1735 hine
796 1676 917 1737 Novella
935 1680 956 1741 8
970 1674 1119 1735 Iustiniani
1133 1668 1313 1754 γυρτουλλοί-

207 1780 274 1841 ριος
296 1762 359 1819 τῶν
385 1761 482 1821 θείων
506 1755 675 1824 κοιτοίνων.
708 1767 739 1819 et
764 1762 796 1821 iu
822 1760 934 1821 Notitiu
956 1760 1200 1820 consuetudinum
1226 1758 1313 1817 habes

207 1845 458 1925 γαρτουλλορίους
465 1848 521 1907 τοῦ
531 1847 622 1907 θείου
635 1847 862 1927 κσυβουκλείου.
878 1845 1061 1905 charhilarius
1075 1845 1189 1902 bellicus
1198 1845 1315 1902 militem

208 1929 391 2005 mnquirebat
407 1934 437 1987 et
449 1932 659 2011 conscribebat,
679 1937 713 1990 ut
722 1932 812 2009 liquet
826 1951 860 1993 ex
874 1932 996 1995 Constit.
1010 1933 1031 1995 3
1048 1930 1152 1991 Leonis
1166 1928 1237 2009 Imp.

277 2044 453 2112 scriniarius,
477 2045 561 2114 inquit
583 2046 723 2100 Meursius.
748 2048 857 2117 optinet
880 2062 938 2099 uum
960 2052 988 2097 et
1010 2044 1218 2113 Etymologicum
1238 2048 1314 2097 vetus

210 2113 379 2166 chartularios
402 2113 659 2180 commentarienses,
685 2116 795 2186 publicio
821 2116 902 2169 literis
925 2114 1020 2167 tubulis
1049 2112 1223 2166 instrumentis
1248 2111 1315 2165 scri-

178 2199 181 2207 ·
208 2180 297 2234 bandis
315 2190 342 2233 et
366 2184 537 2235 retractandis
561 2184 708 2267 praefuisse
730 2186 814 2238 docet.
851 2192 956 2237 etcum
979 2184 1065 2251 plures
1093 2198 1226 2233 numerare
1251 2196 1315 2249 poss·

207 2251 243 2304 ais
260 2250 418 2315 huiusmodi,
446 2253 571 2320 huncqui
595 2269 685 2306 cursus
710 2255 824 2336 publici,
856 2254 908 2307 τοῦ
933 2246 1017 2315 ὀξέως
1041 2246 1164 2319 δρόμου,
1188 2250 1217 2301 in
1242 2250 1316 2302 Cou-

207 2320 319 2374 utuntino
336 2318 581 2390 porphyrogenetu3
598 2323 674 2375 alium
691 2322 771 2374 divini
789 2320 900 2375 cubiculi
911 2320 1018 2375 Novell.
1031 2319 1075 2383 26,
1089 2319 1143 2372 τοῦ
1154 2317 1237 2371 θείου
1250 2335 1317 2370 ιιου-

211 2388 375 2458 βουιιλείου,
401 2390 447 2457 qui
471 2396 498 2443 et
522 2391 579 2444 cuia
595 2391 684 2445 θείων
696 2388 839 2445 κὀιτνίνων
855 2390 883 2443 in
900 2389 1002 2457 Ecloga
1018 2388 1072 2447 LL.
1090 2388 1184 2440 Leonis
1201 2395 1228 2439 et
1245 2388 1317 2439 Con·

128 2522 131 2529 ¹
208 2457 332 2521 smntiui3
354 2458 470 2525 magistri
493 2459 607 2528 equitum
631 2459 708 2512 alium
730 2460 764 2513 L.
786 2461 802 2515 ⁵
821 2459 879 2512 cod.
903 2458 1006 2513 'I'heod¹
1030 2458 1062 2509 de
1078 2457 1172 2513 divers.
1190 2456 1270 2509 (illio.
1288 2462 1318 2507 et

207 2526 344 2597 Apparito.
364 2534 392 2579 et
415 2529 504 2597 proba.
520 2530 537 2581 l.
555 2530 590 2592 ὃς
615 2536 732 2598 quartum
757 2525 908 2596 Θεόδωρον
928 2523 981 2580 adu
997 2526 1128 2595 Χοῦμνον
1145 2520 1317 2595 γαρτουλλοί-

207 2614 273 2661 ριον
288 2589 359 2649 ὄντα
375 2597 432 2649 τῶν
447 2592 656 2665 innocentium
676 2598 744 2668 apud
761 2598 881 2651 Nicetam
898 2598 919 2654 l.
937 2599 955 2651 u
971 2596 1079 2661 leucii,
1100 2603 1127 2649 et
1140 2596 1208 2664 apud
1226 2594 1318 2646 Zona-

207 2680 263 2718 ram
281 2664 308 2717 in
325 2665 414 2717 Leone
426 2665 516 2719 lsauro
535 2665 684 2737 βασιλικῶν
698 2667 795 2719 innuo
818 2661 1048 2730 ἐπιστατοῦντας.
1063 2664 1090 2717 in
1109 2665 1223 2716 exercitu
1240 2662 1318 2716 alium

208 2733 323 2856 llicit}
338 2730 545 2855 iili'iic’ai’l
562 2736 731 2857 ltlltlll
744 2735 784 2859 1³¹¹
805 2734 1028 2858 itttltrlll*
1039 2733 1318 2870 albiioiililiii?

207 2868 313 2939 θέτου)
331 2820 383 2923 oria
400 2865 509 2939 ὀλίγους
525 2873 582 2924 τῶν
597 2844 783 2941 γραφομένωτ
799 2822 847 2927 ialal
865 2868 1034 2941 λεγομένων,
1059 2870 1168 2940 λογίους
1192 2864 1315 2937 dudum

209 2946 238 2991 et
253 2945 379 3009 quotquot
395 2940 458 2994 alios
474 2939 621 2994 scriniarios
639 2960 672 2995 ex
683 2944 782 3013 imperii
794 2941 884 2995 notitia
896 2941 1052 3009 ussmnabisr
1069 2942 1110 2993 hia
1124 2948 1209 2993 tamen
1221 2939 1316 3009 μέγας,

202 3008 242 3062 'ud
260 3026 334 3079 quem
349 3016 451 3061 caetera
476 3012 650 3081 referrentur,
676 3021 722 3065 aut
748 3012 793 3081 qui
818 3012 930 3080 reliquos
955 3012 1051 3063 honore
1073 3010 1248 3079 praecederet.
1283 3008 1317 3058 de

209 3078 334 3130 ecclesiae
357 3078 530 3143 chartulario,
552 3086 583 3131 ut
605 3081 710 3133 alterius
735 3080 848 3142 ordinis,
872 3080 907 3132 nil
929 3080 956 3132 in
982 3078 1117 3150 praesenti.
1152 3094 1241 3145 magno
1258 3070 1317 3127 huic

209 3147 340 3199 exercitus
361 3147 507 3200 commissos
531 3148 639 3216 legimus
664 3150 733 3203 aud
754 3151 875 3203 Nicetam
899 3148 927 3201 in
949 3149 1071 3203 Manuale
1087 3149 1106 3201 l.
1123 3146 1157 3215 3,
1181 3146 1207 3198 in
1225 3144 1316 3199 Alexio

209 3215 265 3269 cius
279 3215 335 3268 filio
344 3253 355 3285 ‚
370 3214 398 3267 in
413 3216 512 3270 lsaacio
528 3219 629 3285 Angelo
645 3218 663 3276 l.
679 3169 707 3273 g.

294 3305 354 3363 Sed
363 3305 431 3381 quid
448 3304 479 3365 in
491 3304 617 3383 Legibus
633 3305 775 3366 Francicis
794 3305 847 3371 l.6
871 3306 930 3368 108
952 3303 1026 3363 banuo
1045 3302 1246 3363 chartularius?
1265 3308 1316 3378 eat,

207 3389 302 3465 inquit
323 3390 456 3449 Pithoeus
476 3392 506 3449 ia
528 3393 688 3469 Glossario,
709 3393 783 3452 houm
804 3411 854 3470 per
882 3391 1004 3448 chartam
1024 3392 1080 3448 siue
1101 3408 1150 3466 per
1175 3389 1421 3467 epistolamp192

200 3476 277 3534 -lider
295 3477 400 3556 factus.
421 3477 512 3535 liberti
530 3478 704 3538 seruantia·
725 3482 820 3551 nant,
850 3476 890 3533 ait
913 3474 983 3533 alius
1001 3475 1032 3531 in
1049 3474 1124 3531 nolis
1151 3475 1189 3533 ud
1212 3473 1316 3532 Parae-

208 3580 309 3638 neses,
331 3562 426 3641 quibus
438 3562 642 3623 archidiaconus
663 3563 768 3622 iubebat
791 3562 872 3621 scribi
892 3560 1000 3618 chartas
1020 3558 1160 3619 tabulaeve
1185 3560 1316 3622 missinati

199 3667 256 3715 ,reu
271 3650 494 3708 manumissionis.
514 3646 591 3708 uude
603 3650 801 3738 chartulariict
819 3646 950 3707 tabularii
958 3649 1097 3705 cantanti.

278 3760 317 3815 ib.
334 3778 362 3814 v.
378 3763 406 3817 7.
438 3756 454 3814 ri
473 3757 628 3831 lopolis'rns
642 3763 695 3817 τοῦ
710 3758 819 3830 δρόμου
835 3759 976 3815 caucalis
993 3776 1104 3826 curura,
1127 3776 1242 3813 nummus
1258 3776 1318 3813 τια-

209 3846 297 3883 τοσιιιιι
310 3848 425 3901 promes.
461 3831 494 3883 de
511 3849 586 3884 cursu
604 3832 706 3902 publico
721 3830 865 3902 Procopius
883 3824 913 3883 ἐν
931 3824 1109 3890 ἄνευὸότοιςτ
1135 3830 1249 3882 Romani
1265 3832 1317 3882 ιἰιι-

199 3909 346 3969 ·paratorcr
367 3901 414 3969 pai
432 3909 512 3953 anteo
518 3906 632 3969 formast
641 3903 746 3955 niodum
757 3903 942 3971 excogitarunt
956 3916 1004 3968 quo
1020 3906 1113 3951 ounctu
1124 3900 1173 3951 sibi
1185 3914 1263 3969 quam
1277 3914 1319 3951 aa·

209 3971 315 4023 λτττίοιο
323 3977 428 4039 mouent
441 3972 561 4023 nuntiari
567 4012 575 4039 ,
597 3980 624 4024 ct
645 3980 677 4024 ut
688 3974 784 4025 scireut
799 3988 866 4040 quac
877 3972 971 4038 ubique
983 3969 1052 4020 inter
1065 3969 1150 4020 hoster
1163 3974 1318 4037 agereatur,

209 4045 239 4089 at
255 4042 279 4091 si
298 4056 351 4107 pua
366 4042 396 4091 in
414 4040 565 4099 ciuitatibus
575 4042 669 4093 reditio
681 4042 722 4094 acl
733 4042 798 4109 quid
809 4040 885 4094 aliud
896 4038 1064 4107 improvisum
1078 4039 1265 4105 σμτοοιίσίλυο
1275 4036 1320 4089 uel

211 4108 290 4161 uliud
307 4110 533 4176 quomodocunque
544 4113 673 4175 oriretur,
695 4117 721 4163 el
736 4118 765 4162 ut
778 4127 869 4163 annau
879 4109 981 4163 tribula
992 4107 1114 4159 οοίοιίλστ
1126 4113 1151 4159 τί
1162 4113 1219 4159 tato
1230 4112 1320 4165 trunt-

209 4178 384 4232 nrittereatar.
417 4181 551 4247 publicum
568 4196 634 4249 crgo
653 4187 680 4233 et
699 4181 807 4233 celerem
821 4180 950 4250 quendam
963 4176 1057 4243 ubique
1068 4192 1171 4229 cursum
1182 4176 1229 4227 boc
1242 4174 1319 4227 niodo

209 4246 391 4308 r'uru'tucruul.¹
423 4250 480 4302 otro
493 4250 611 4317 expedito
623 4250 660 4302 ad
670 4251 722 4302 iter
733 4249 787 4302 dici
799 4250 924 4303 stationes
935 4249 1141 4308 constituerunt,
1162 4243 1320 4312 quandoque

209 4322 283 4385 octo,
308 4316 463 4389 γοοοίορυο
479 4319 633 4389 pauciores,
655 4336 710 4375 aon
728 4326 818 4376 ισοιαι
831 4320 920 4377 minuo
936 4315 1064 4387 putaque,
1089 4314 1157 4381 quod
1172 4314 1317 4383 plurimun
