3075 4867
501 324 546 391 sn
566 324 715 391 connn
741 324 826 393 cla
850 323 932 395 xv.
1141 309 1144 323 '
1200 327 1275 399 aas

175 498 233 537 sese
248 480 318 536 ‘datu
339 483 423 537 salute
440 482 552 567 'inerint
572 484 723 567 amplexati,
748 484 815 539 unde
837 488 865 538 et
889 484 1077 568 Φιλαδελφίου
1099 501 1191 543 ουσιαι
1216 488 1274 541 loeo

173 554 271 605 factum
288 558 345 616 est,
369 552 402 604 ad
427 552 551 606 sinistram
572 554 623 605 fon
646 560 761 624 partem,
784 572 817 607 ex
833 554 922 607 iisdem
938 554 985 607 GP
1002 554 1163 623 Onginiboss
1180 552 1225 612 ὅτι
1240 552 1274 611 τέ

174 616 345 689 καλούμενον
364 617 550 689 usmaitans
570 616 600 675 οί
613 616 676 673 υίοί
695 619 748 675 εἰσι
763 624 816 676 τοῦ
830 619 953 691 μεγοέλου
969 624 1191 682 Κωνσταντίκου.

244 722 270 775 p.
283 706 317 759 80
328 723 353 757 v.
368 709 392 760 1.
419 698 462 773 ἐφ’
481 696 548 759 obo‘
576 701 695 775 σταυρὸς
714 706 838 776 ἵσταται]
860 706 953 760 Suidas
969 724 995 760 u.
1021 704 1152 775 σταυρέςε
1178 706 1224 765 iol
1240 705 1274 764 cd

174 768 287 844 βόρειον
303 774 355 827 τοῦ
371 772 463 841 φόρου
479 770 563 843 μέρος
577 776 683 843 ἵστατο,
703 770 740 836 ὡς
756 772 831 830 εἶδεν
848 770 936 830 αὐτὸν
952 778 1163 851 Κυυσταντῐνος
1192 796 1275 846 γρυσ-

174 840 346 966 trrrrn
361 837 1021 985 ‘worn
1039 815 1276 969 ‘l

256 978 264 993 ·
868 951 878 982 1

175 977 309 1101 douaibid.
331 1042 451 1101 ὅποτ’λαι
467 1042 565 1117 φόρος]
582 1046 724 1103 simocatta
741 1050 765 1121 1..
777 1053 808 1105 1:
831 1049 1020 1118 περίλαμπρος
1041 1044 1069 1104 δ’
1091 1037 1173 1112 οὗτος
1186 1050 1275 1120 γοῖρος

173 1116 225 1185 τῆς
239 1114 353 1177 πόλεως.
376 1116 439 1170 alias
456 1117 532 1186 vulgo
544 1116 739 1187 πωλητήριον,
754 1119 797 1171 nbi
814 1135 858 1172 res
874 1119 982 1188 quaevis
998 1134 1089 1173 venum
1104 1127 1274 1190 exponuntur.

243 1200 279 1253 s'b.
299 1214 324 1257 v.
337 1202 363 1255 2.
391 1193 541 1268 ἀπέρχεται
560 1195 576 1255 ὁ
595 1198 734 1271 βασιλεύς]
753 1202 809 1256 sive
825 1202 988 1258 oruturusad
999 1202 1133 1257 ecelesiam
1144 1204 1274 1259 εἰιεσυλ-

174 1263 326 1321 casanatae
343 1269 494 1338 procederet
510 1268 662 1339 imperator,
684 1269 821 1340 utrobique
836 1269 999 1337 προέλευσιν
1022 1272 1147 1339 habebat,
1168 1290 1277 1341 eamque

172 1335 231 1406 ipse
253 1336 421 1408 imperatoriis
444 1337 600 1405 insignibus,
625 1338 802 1393 comitantibus
827 1340 916 1393 aulicis
939 1340 1050 1410 propriis
1072 1341 1165 1408 cuique
1187 1342 1275 1394 officio

173 1404 290 1457 uestibus
306 1407 417 1472 ornatis,
435 1406 528 1475 populo
545 1406 690 1474 gratulante
714 1416 741 1461 et
765 1409 866 1462 obviam
890 1409 1045 1479 procedente
1069 1411 1170 1477 agebat.
1193 1410 1277 1479 impe-

174 1479 284 1526 ratorem
299 1473 472 1543 Nicephorum
489 1474 613 1529 describit
628 1476 803 1546 Lnitpraudus
818 1477 845 1530 in
867 1478 997 1546 legatione
1018 1470 1051 1530 έν
1069 1475 1226 1544 προελεύσει
1241 1478 1276 1531 ad

173 1558 290 1611 magnam
309 1542 440 1596 ecclesiam
457 1544 615 1629 proiectum,
631 1544 817 1614 imperatricem
832 1547 933 1599 irenem
950 1545 1095 1600 cedrenus:
1111 1547 1147 1615 τῇ
1157 1541 1276 1618 δευτέρᾳ
1305 1549 1314 1558 “

172 1612 225 1665 τοῦ
242 1605 326 1679 ἁγίου
341 1607 434 1679 πᾶσγα
450 1612 615 1665 απελθοῦσα
631 1607 650 1681 ἡ
674 1613 816 1684 βασίλισσα
832 1608 879 1667 ἐπὶ
895 1616 931 1685 τῇ
946 1610 1020 1668 acroi
1037 1610 1126 1667 τύπον
1139 1611 1275 1699 γενομένη
1306 1621 1310 1634 ’

173 1675 332 1746 superirrisus
349 1677 389 1741 είς
404 1673 470 1741 τούς
488 1672 586 1747 ἁγίους
600 1674 792 1745 ἀποστόλους·
815 1682 909 1752 δείλης
932 1677 965 1735 δέ
989 1684 1133 1768 προῆλθεν
1155 1676 1187 1737 έν
1208 1677 1277 1751 ὄγη·

174 1766 240 1817 ματι
255 1747 350 1818 χρυσῷ
363 1742 534 1871 ἐποχουμένη
552 1746 695 1818 τέσσαρσιν
712 1750 811 1813 ἵπποις
853 1746 1029 1820 κρατουμένη
1046 1745 1103 1804 υπέ
1114 1753 1277 1832 πατρικίωρ,

182 1810 192 1835 θ
310 1810 318 1831 t
539 1818 552 1832 u

175 1816 284 1885 ρίψασα
303 1816 441 1870 υπατείαν
476 1834 493 1869 ν
516 1836 551 1886 τη
573 1813 642 1889 μέση
664 1817 781 1889 πολλήν.
815 1791 870 1873 iso
894 1817 1095 1884 Grammaticus,
1120 1820 1161 1872 vel
1208 1821 1277 1873 uirus

175 1886 255 1948 alius,
270 1884 297 1935 iu
314 1884 402 1937 Leone
419 1884 549 1939 Armenio:
567 1885 614 1939 cal
632 1883 781 1955 superlicio
802 1885 834 1942 έυ
854 1888 890 1958 τῇ
907 1889 1027 1956 Χριστοῦ
1046 1885 1170 1957 γεννήσει
1240 1886 1279 1956 τῇ

174 1945 303 2039 έκριλησίρι
326 1948 456 2037 εἰσῆλθεν
478 1950 509 2007 έν
531 1954 571 2039 pei
594 1956 796 2029 θυσιαστηρίῳ.
825 1955 977 2042 ρθασρὶσης
992 1951 1025 2010 db
1040 1953 1089 2040 spel
1105 1957 1155 2025 τῆς
1176 1949 1278 2078 ἑοθρίτῐνὲς

175 2038 233 2141 ill
240 2022 1191 2213 littlffttllitl2⁰t⁰lltttsslttilltltttttptttltto
1209 2088 1276 2175 aas

176 2174 230 2225 ραν
245 2158 295 2225 τῆς
311 2161 497 2228 πεντηκοστῆς
512 2153 544 2213 έν
559 2162 599 2231 τῷ
615 2161 684 2233 ναῷ.
705 2162 857 2216 Eustatbius
873 2160 975 2215 tandem
1000 2179 1016 2215 e
1054 2161 1085 2213 11.
1109 2163 1142 2213 lr
1167 2176 1277 2229 πομπη,

175 2228 330 2297 θρίαμβος,
348 2223 382 2281 ὃν
398 2225 561 2295 προέλευσιυ
576 2226 595 2297 ἡ
613 2225 692 2297 κοινὴ
711 2232 816 2298 γλῶσσα
832 2233 920 2284 καλεῖ.
936 2249 969 2283 an
983 2231 1050 2283 idem
1068 2228 1103 2281 sit
1114 2225 1276 2294 προέλευσις

176 2296 248 2365 qnod.
266 2293 434 2365 πρόκενσος,
460 2296 493 2350 de
519 2310 570 2368 quo
595 2298 727 2351 Cedrenus
752 2301 778 2352 in
804 2300 901 2352 Iustino
922 2302 954 2354 λι
979 2287 1065 2359 αὖθις
1082 2293 1214 2367 βασιλέως
1231 2292 1279 2350 ἐπὶ

175 2360 339 2432 πρόκενσον.
357 2382 408 2418 non
425 2365 555 2419 existimor
572 2364 734 2433 προέλευσιν
751 2368 818 2420 enim
834 2384 887 2420 non
911 2366 1024 2439 reperies
1050 2365 1098 2419 nisi
1116 2366 1218 2436 pietatis
1233 2366 1279 2418 uel

177 2434 212 2486 ob
230 2440 338 2503 acceptu
354 2434 478 2487 beneficia
495 2436 656 2505 tripudiantis
668 2435 714 2489 ‘vel
730 2438 763 2490 ad
782 2436 1005 2507 depellendamulu
1015 2435 1178 2504 deprecantis
1193 2434 1278 2503 gratia

177 2510 337 2572 susceptam,
360 2500 514 2570 πρέκεκσον
530 2522 593 2558 vero
616 2521 793 2575 nonuunquam
820 2505 853 2559 ad
876 2506 957 2559 solam
980 2521 1037 2575 pom
1057 2521 1097 2557 am
1121 2509 1150 2556 et
1173 2504 1278 2565 iustum,

176 2571 227 2643 imo
244 2571 397 2693 quandopue
419 2571 451 2625 ad
475 2574 570 2627 luxum.
600 2574 653 2627 Leo
679 2575 864 2627 Grammaticus
880 2573 907 2626 in
924 2575 1013 2627 Leone
1034 2522 1071 2625 ga
1089 2574 1173 2625 ’enter
1198 2567 1278 2624 Λέων

173 2634 331 2705 πρόκενσον
361 2639 475 2710 ποίησεν
494 2638 534 2703 είς
551 2636 587 2695 τὰ
603 2643 759 2710 Δαμιανοῦ.
778 2638 910 2704 συνόντος
925 2637 958 2695 db
977 2590 1103 2705 zonarii
1121 2638 1171 2693 acl
1186 2656 1278 2707 παρα-

176 2704 396 2771 ὃυναστεύοκτος
410 2707 458 2761 καί
482 2710 532 2795 τῆς
554 2705 698 2779 θυγατρὸς
719 2706 808 2764 nitori
827 2713 905 2796 Ζωίγς
927 2705 987 2779 ἅμα
1002 2710 1044 2779 τῷ
1061 2710 1182 2780 βασιλεῖ,
1208 2708 1278 2761 Θευ-

175 2772 260 2897 ιιραυώ
276 2771 343 2859 dig}
363 2770 463 2845 γαμετὴ
482 2776 570 2832 cerari
586 2773 730 2849 cinctorio
747 2774 850 2847 έκεῖσε,
874 2769 933 2831 αλλ’
955 2772 987 2831 έν
1009 2773 1178 2861 Βλαγέρναις
1194 2772 1225 2829 έν
1240 2775 1277 2845 τῇ

176 2843 244 2965 apic
260 2861 334 2915 σορῳ
351 2844 565 2914 προσεκαρτέρει
581 2842 724 2915 εὐχομένη.
750 2849 879 2930 seqnitur:
903 2843 1039 2910 δόξαντος
1061 2863 1113 2899 ουν
1131 2846 1184 2898 τοῦ
1199 2844 1276 2915 βασι-

209 2930 229 2964 o

228 2897 349 2981 ’ςμεῖναι
366 2908 461 2967 έκεῖσε.
479 2924 548 2967 certe
565 2916 593 2967 iu
609 2915 685 2967 solita
701 2916 828 2967 ecclesiae
845 2916 1006 2984 processione
1031 2931 1081 2967 nnn
1105 2914 1197 2966 inisset
1222 2929 1278 2964 mo-

176 2989 264 3048 ratus,
288 2998 336 3033 nec
359 2998 445 3035 secum
467 2982 584 3051 pellicem
609 2983 741 3049 duxisset,
766 2990 814 3036 aut
833 2984 935 3036 interim
957 2983 1012 3036 eius
1037 2998 1103 3035 uxor
1118 2983 1145 3034 in
1161 2980 1278 3034 oratione

176 3049 271 3103 diutius
286 3057 471 3119 perseveraret.
492 3051 662 3105 constanti
681 3045 810 3120 ἐποίησεν
833 3048 913 3105 Λέων
934 3047 1089 3118 πρόκεσσυυ
1112 3051 1183 3120 (lege
1208 3044 1278 3112 πρό·

175 3135 275 3172 κενσου
291 3135 348 3169 cum
364 3118 435 3185 aliis)
452 3118 541 3186 μῆνας
557 3116 595 3183 έξ.
614 3120 742 3190 processio
761 3114 936 3173 ecclesiastico
953 3119 1004 3173 ritu
1021 3118 1167 3189 peragenda
1177 3121 1276 3168 tantum

176 3186 286 3255 spatium
303 3201 354 3237 non
371 3186 486 3254 requirit.
503 3188 535 3239 de
552 3190 827 3259 procmaalprincipum
845 3195 872 3240 et
896 3188 1088 3255 magistratuum
1110 3202 1167 3240 cum
1191 3183 1277 3252 digni-

176 3260 258 3308 tatum
275 3253 416 3321 insignibus
433 3254 593 3309 Pancirollns
608 3256 635 3309 in
651 3257 765 3310 notitiam
783 3256 896 3310 Orientis
913 3274 936 3308 c.
954 3259 997 3313 22.

263 3377 291 3436 p.
306 3358 347 3419 79
359 3378 384 3417 v.
399 3361 450 3422 20.
474 3365 552 3418 tomo
573 3361 594 3423 3
611 3362 647 3419 de
660 3380 683 3419 s.
705 3380 786 3421 cruce
803 3360 821 3419 l.
845 3363 863 3423 1
881 3379 904 3420 c
920 3350 963 3423 26
978 3357 1112 3439 descripsi
1125 3376 1278 3435 nummum,

177 3443 209 3503 in
223 3434 299 3501 cuins
312 3441 400 3501 altera
413 3448 494 3523 parte
506 3444 605 3503 visitur
617 3446 736 3504 loannes
745 3443 929 3524 Palaeologns
942 3445 1094 3522 imperator
1110 3444 1278 3521 Cpolitanns

177 3530 216 3587 ad
232 3528 388 3588 columnam
396 3530 564 3606 crucigeram
578 3530 792 3590 venerabundus
802 3529 1094 3610 etsnpplicabundns‚
1113 3529 1175 3586 sine
1192 3528 1278 3585 dubio

177 3632 215 3672 ex
228 3615 282 3673 hoc
293 3632 371 3673 more
382 3614 559 3673 calendarum
573 3616 786 3694 Septembrium.
825 3617 890 3673 vide
903 3616 920 3674 12
933 3636 956 3675 a
974 3617 1011 3676 de
1020 3634 1044 3674 s.
1058 3632 1146 3673 cruce.
1178 3614 1215 3671 de
1231 3634 1279 3671 co-

179 3699 276 3759 lumna
295 3697 493 3778 porphyretica
509 3700 622 3759 consule
640 3719 712 3776 qnae
728 3700 888 3779 scripsimus
907 3707 974 3759 tone
991 3702 1011 3763 1
1030 3701 1067 3759 de
1083 3719 1106 3757 s.
1123 3717 1206 3756 cruce
1224 3697 1279 3757 λλ

180 3802 204 3843 a
216 3785 256 3849 45
271 3802 305 3841 ex
315 3783 475 3861 Nicephoro
489 3789 519 3842 et
533 3785 644 3844 Codino
657 3786 687 3844 in
698 3786 860 3863 Originibus
871 3786 1037 3864 Cpolitanis.
1079 3789 1209 3862 superest
1225 3783 1281 3840 hoc

179 3870 277 3927 itidem
299 3886 368 3927 aevo
390 3868 459 3927 haec
479 3869 608 3927 columna
627 3870 833 3949 porphyretica
874 3876 994 3931 esstote
1011 3873 1116 3947 reginae
1131 3869 1279 3938 dionsodr',

131 3989 139 4005 ·
180 3954 272 4029 inquit
287 3952 387 4012 Densa
405 3954 436 4011 in
454 3973 506 4011 suo
526 3954 677 4032 cpolitano
691 3957 848 4033 itinerario,
865 3956 910 4014 vel
923 3956 1019 4035 potius
1032 3956 1062 4013 in
1074 3952 1199 4014 encomio
1217 3949 1280 4015 Me·

180 4038 240 4096 letii
253 4038 397 4099 cniusdam
413 4037 588 4117 patriarchae
607 4039 788 4119 cremensi,
802 4042 847 4101 rel
861 4042 891 4100 in
908 4047 1019 4118 satyra,
1038 4059 1096 4117 qna
1107 4038 1225 4097 [acuitas
1234 4034 1279 4091 in·

181 4129 322 4201 sectatur,
340 4129 370 4184 ιἰι
384 4144 436 4203 quo
450 4124 591 4184 Caesareos
606 4132 719 4185 oratam
734 4126 864 4205 hospitari
876 4145 929 4185 mos
939 4133 989 4202 est,
1011 4128 1131 4186 σοίαιιιπο
1148 4122 1284 4179 Comitum*

180 4212 236 4268 tini
243 4229 395 4287 purpurea,
415 4213 445 4268 ιἰι
458 4212 535 4268 onius
548 4214 698 4273 summitate
710 4213 854 4294 spondylus
869 4212 1026 4292 aedificatus
1039 4216 1086 4281 est,
1108 4211 1137 4267 τίι
1149 4206 1281 4285 γινώσκ-

180 4292 254 4353 moda'
266 4297 404 4374 insumptis
418 4299 544 4375 cppmet:
