3075 4867
538 296 585 368 IN
604 296 753 365 CODlNl
775 298 860 365 CAP.
886 296 930 365 ΙΙ.
1217 302 1290 373 209

186 464 244 529 102
264 460 444 544 praepositus
456 460 572 521 caniculi
594 469 639 523 est
661 463 713 541 qul
732 482 827 523 curam
847 468 878 523 et
897 462 1052 523 custodiam
1072 465 1147 540 gerit
1166 465 1293 545 caniculi,

163 551 216 609 sid
235 556 281 609 est
296 548 504 624 atramentarii,
525 567 560 607 ex
580 567 638 627 quo
654 550 806 629 imperator
824 550 991 628 phoeniceas
1016 549 1111 609 literas
1141 553 1239 612 scribit
1262 554 1292 612 in

185 635 298 695 chartis.
319 634 463 695 adnomen
486 636 514 693 si
535 636 602 715 quid
620 643 758 714 praeraso
786 634 898 697 Caesari
921 635 1135 697 subscribendam
1158 643 1234 713 crat,
1262 638 1292 698 id

180 719 351 801 praepositus
370 718 492 779 τοκίοαίί
509 738 591 779 manu
610 740 662 780 sara
684 721 831 793 exorabat,
852 720 922 800 qaod
938 724 968 781 in
981 718 1053 779 cclcc
1065 721 1179 781 eiusdem
1195 724 1294 801 synodi

187 803 402 886 Cbsistmbonrus
416 802 523 865 Basilii
533 808 699 885 imperatoris
709 826 729 866 a
741 805 863 867 canicula
871 806 971 885 secisse
988 805 1080 884 liquot.
1099 809 1293 887 ροσρίσίωοκ-

185 898 232 949 tur
247 889 368 951 curriculo
381 892 510 965 primarii
525 910 544 949 a
563 894 684 965 marens,
706 909 816 971 ραωαω
833 910 934 969 magna
952 891 1075 967 dignitas
1094 898 1121 949 at
1143 896 1292 953 auctoritas

179 975 258 1056 sirit,
278 982 369 1057 rapoto
382 994 451 1054 quus
461 974 526 1035 sotis
534 977 641 1037 madon
656 980 821 1055 imperoton‘s
834 979 965 1055 sanguine
974 979 1130 1057 proprbplis
1144 978 1291 1039 concedere-

186 1067 241 1121 tur.
262 1079 332 1141 puae
345 1057 444 1119 Iunius
459 1061 550 1121 deboc
563 1062 654 1141 officio
669 1062 744 1140 apud
763 1062 908 1137 codicum,
928 1080 1020 1137 nugae
1037 1066 1108 1123 suut.
1137 1060 1206 1121 haec
1224 1061 1291 1123 Ale-

185 1164 323 1218 mannum
344 1145 423 1204 caius
440 1146 609 1207 seutentiam
624 1165 684 1207 uon
700 1146 912 1224 improbabilem
928 1145 1071 1223 Aamtasii
1084 1144 1293 1211 Bibliothecaii

186 1232 340 1291 auctoritas
353 1230 447 1290 efficit
465 1248 518 1290 nec
530 1227 549 1291 a
562 1232 687 1291 canicula
702 1231 812 1291 abludit
830 1250 948 1310 nomen,
967 1248 1024 1309 quo
1039 1231 1140 1289 Gracci
1162 1238 1293 1310 utuntur,

187 1316 290 1393 quibus
305 1314 423 1375 solenne
433 1314 539 1376 Latina
551 1316 687 1377 vocabula
696 1316 822 1375 nonnihil
838 1318 981 1376 inflectere
994 1321 1025 1375 et
1038 1318 1075 1374 ad
1087 1315 1292 1378 Helleuismum

135 1400 138 1405 '
188 1402 285 1479 quoad
304 1400 370 1461 licet
390 1403 572 1463 conformare.
592 1423 677 1482 porro
690 1402 776 1463 verba
790 1403 908 1461 actionis
922 1403 1058 1480 decimae,
1071 1402 1109 1469 ud
1128 1420 1200 1478 quae
1213 1402 1291 1463 Aua-

186 1488 291 1546 stasius
304 1504 392 1564 supra
404 1488 509 1547 dictam
521 1495 618 1549 notam
630 1489 743 1566 adiecit,
754 1494 823 1547 sunt
832 1489 901 1547 ista:
919 1494 982 1567 post
994 1488 1040 1547 bos
1045 1490 1164 1567 piissimi
1174 1494 1201 1548 et
1212 1508 1292 1549 amu-

186 1578 256 1631 tcrcs
267 1572 371 1632 (ἕλωσί
381 1573 548 1651 τ’ωμοταίοτω
561 1573 684 1634 Basilius
696 1580 723 1632 et
739 1574 929 1633 Constantinus
937 1574 1056 1652 figentes
1066 1572 1169 1651 quidem
1179 1578 1292 1653 propriu

185 1674 268 1716 amau
280 1661 309 1716 in
325 1660 441 1735 puinpse
455 1658 630 1719 coturnicibus
644 1658 710 1740 (seu
726 1660 812 1717 etiam
828 1656 968 1739 pluribus)
979 1662 1111 1738 pretiosae
1120 1663 1206 1719 crans
1212 1660 1293 1737 figu-

186 1762 263 1817 ram,
286 1741 395 1806 Basilio
412 1741 520 1819 Magna
531 1735 703 1824 imperatore,
720 1746 843 1810 similiter
856 1748 938 1803 etiam
952 1749 979 1803 ct
997 1744 1172 1809 Constantino
1187 1746 1293 1823 figente

187 1844 289 1886 mucan
298 1846 350 1906 pro
364 1847 391 1887 sc
401 1833 427 1887 el
433 1827 528 1906 fratre
540 1850 589 1890 saa
603 1830 692 1891 Leone
711 1832 887 1889 subscribente
904 1847 1003 1909 qaoque
1019 1830 1124 1895 nornine
1143 1830 1225 1887 taum
1239 1831 1291 1889 im·

180 1917 354 1991 porcianus,
370 1916 482 1992 propria
500 1933 599 1990 mma,
619 1921 646 1975 ct
659 1914 857 1995 mbsasptionis
874 1915 1007 1975 redducam
1019 1913 1194 1980 subscribente
1213 1912 1292 1973 clri-

187 1998 311 2077 stopboro
321 2004 522 2078 protoasecretis
537 2005 564 2059 et
577 2002 731 2079 praeposito
752 2001 881 2061 caniculi.
924 2001 1032 2065 Graeca
1052 1998 1139 2055 editio
1161 1996 1292 2057 Romana

186 2083 230 2141 ita
248 2082 351 2142 nabet:
371 2081 425 2145 uui
444 2079 518 2163 μεττί
535 2083 661 2159 τούτους
680 2084 713 2149 οί
733 2086 865 2165 βασιλεῖς
883 2086 1039 2155 Βασίλειος
1061 2085 1293 2158 Κωνσταντῖνος

187 2166 240 2229 καί
253 2166 360 2244 Λέων,
382 2162 544 2248 maiascus
558 2166 614 2250 μὲν
628 2170 794 2251 ίδτοχείρως
809 2170 843 2233 ἐν
855 2175 920 2243 τοῖς
932 2168 1020 2231 πέντε
1034 2168 1164 2247 βιβλίοις
1177 2170 1233 2229 τοῦ
1245 2190 1293 2229 ττ-

187 2254 262 2337 μίοο
282 2257 415 2336 στοαροῦ
429 2249 485 2318 τον
506 2248 603 2317 cinos
620 2258 684 2318 coia
705 2252 871 2336 βασιλέων,
891 2252 941 2315 καί
965 2246 1161 2335 γεγραφότων
1175 2250 1229 2326 τὰς
1244 2252 1293 2316 οί·

185 2340 271 2413 τείας
284 2331 463 2420 ὀνομασίας,
485 2334 520 2402 rb
536 2337 570 2401 δὲ
583 2344 637 2419 τῆς
650 2342 772 2423 γραφῆς
785 2332 957 2403 simil-caron
969 2331 1153 2421 γεγραφότος
1168 2342 1294 2419 Χριστο·

187 2416 290 2502 φόρου
299 2417 559 2507 πρωτασηκρήτου
573 2423 686 2488 καλίττί
702 2428 758 2486 τοῦ
775 2425 957 2487 καντκλείοο.
986 2423 1057 2501 quod
1073 2422 1202 2503 reliquum
1221 2430 1290 2499 crat,

186 2509 393 2589 Cbrbtapbcrus
403 2514 603 2587 protoasecretis
617 2515 643 2568 et
654 2508 806 2588 praefertas
824 2509 938 2568 cantatis·
945 2509 1107 2585 subscripsit.

256 2608 285 2659 p.
303 2593 337 2645 12
352 2608 381 2645 r.
400 2592 443 2645 19.
460 2585 507 2643 tut
518 2591 571 2644 sori
586 2589 754 2660 κατακλείω]
777 2606 859 2659 nugas
876 2589 1047 2656 referserunt
1065 2586 1184 2658 oppletos
1200 2602 1217 2639 a
1233 2587 1292 2657 qui-

185 2659 294 2713 busdam
309 2659 353 2731 τῷ
370 2659 516 2713 κατακλείω
534 2676 623 2713 sensns
639 2660 667 2713 iu
683 2658 791 2712 medium
807 2659 986 2731 producerem.
1021 2656 1055 2711 ad
1067 2656 1226 2725 propositum
1237 2656 1294 2708 veri

186 2732 384 2851 aarum
401 2712 511 2850 καί
525 2724 635 2866 κρῖ
645 2724 1063 2867 ”ermerannus
1072 2728 1293 2863 mittit

186 2860 413 2928 ταλλικοτλςτοίνς
424 2860 626 2933 ἐργαζομένους
640 2860 676 2919 τοὶ
693 2854 779 2922 κατίοι
798 2868 942 2921 metallicos
952 2867 1046 2934 fabros
1057 2854 1173 2932 'saorra
1190 2863 1292 2917 calicu-

188 2937 224 2987 lis
239 2943 343 2989 utentes
359 2934 425 2987 dixit
441 2936 606 2988 Eleutheriou
621 2934 774 2989 Zebeleuns.
808 2952 859 2989 uno
876 2937 956 2987 verbo
976 2934 1088 3003 (λογεῖον
1101 2932 1211 3002 quodvis
1234 2932 1292 2985 exi-

186 3020 282 3073 guum,
299 3004 377 3073 quale
394 2998 588 3075 ἀλάβαστρον,
604 3002 770 3072 mandritae,
793 3001 962 3074 μνροθήκη,
980 3011 1021 3056 est
1036 3002 1136 3055 κανίον
1152 3002 1209 3054 sire
1223 3019 1292 3055 καν-

186 3072 262 3140 τίον,
279 3074 425 3140 nuendum,
445 3076 574 3143 ampulla,
591 3075 791 3143 ωγτολίιτοίαω,
809 3074 982 3127 acetabulum.
1017 3068 1097 3132 κλέος
1113 3086 1216 3140 qnoque
1233 3071 1293 3137 glo-

186 3142 254 3195 riam
270 3142 472 3211 dignitatemque
487 3145 586 3195 reterre
603 3160 653 3195 nou
669 3143 774 3211 ignorat
789 3142 834 3213 qui
849 3144 953 3196 Graeca
968 3140 1071 3194 summis
1087 3136 1237 3207 degustavit
1255 3140 1292 3191 la-

187 3210 249 3266 biis.¹
283 3213 335 3265 erit
348 3211 435 3280 iteque
450 3214 608 3264 κανικλεῖον
623 3213 755 3266 vasculum
778 3212 844 3265 inter
868 3217 971 3264 caetera
993 3210 1119 3277 dignitate
1142 3206 1186 3259 rel
1207 3208 1293 3274 gloria

187 3278 372 3350 praecipuum,
387 3279 465 3348 quale
480 3280 531 3332 suit
545 3280 608 3333 illud
623 3281 650 3334 in
667 3297 718 3351 quo
734 3281 833 3349 gloriae
849 3279 1033 3348 dignitatisque
1049 3292 1112 3330 suae
1128 3274 1243 3343 insigne,
1260 3276 1294 3327 li-

188 3364 297 3417 qncrem
313 3347 434 3402 videlicet
449 3364 606 3418 purpureum
622 3366 675 3421 quo
692 3348 861 3420 chrysubullis
877 3354 904 3401 et
919 3348 1001 3399 sacris
1023 3344 1205 3415 diplomatibus
1227 3343 1307 3397 sub-·

188 3418 345 3486 signabant,
367 3417 536 3487 imperatores
550 3418 675 3473 iubebant
690 3417 831 3475 mersuri.
865 3416 908 3468 ille
924 3432 987 3469 vera
1005 3415 1046 3466 cui
1063 3413 1135 3467 rasis
1150 3412 1292 3466 huiusmodi

188 3486 332 3542 custodiant
347 3485 547 3556 demandabant,
570 3477 586 3543 ri
612 3482 658 3541 ίττί
676 3488 729 3542 τοῦ
749 3484 906 3547 maculatae
924 3485 1095 3539 salutabatur.
1111 3524 1116 3535 r
1130 3484 1189 3551 lego
1214 3481 1292 3535 citiam

187 3554 348 3610 κατλιλωον
362 3555 431 3624 apud
447 3556 559 3609 monem
575 3557 775 3614 Grammaticum
791 3562 819 3609 et
834 3554 987 3607 (ledrenum.
1022 3554 1056 3605 do
1068 3550 1158 3605 eodem
1170 3552 1293 3619 Gsegeu-

171 3624 257 3679 'tiusr
279 3617 314 3680 ds
333 3621 364 3679 οί
382 3624 507 3694 Ρωμαῖοι
524 3626 700 3681 κατικλτίονα
714 3617 970 3694 προσαγορεύουσι,
994 3640 1068 3691 passu
1086 3621 1201 3683 Romani
1216 3622 1294 3675 cani·
1380 3685 1383 3693 Ι

190 3695 306 3748 cleonem
320 3705 461 3767 caponum.
494 3694 642 3750 badericus
657 3703 686 3749 et
700 3696 851 3749 Gnutberus
865 3692 977 3747 reddunt
996 3693 1160 3745 caniclinum.
1195 3696 1224 3742 et
1241 3708 1294 3743 non

190 3768 338 3817 contortam
353 3766 380 3817 in
395 3764 482 3819 varim
498 3766 594 3819 formes
608 3781 641 3816 ro
723 3763 770 3818 sed
787 3780 888 3817 sensum
906 3762 1015 3829 cvnlp
1033 3768 1060 3813 et
1076 3778 1109 3813 ex
1125 3758 1235 3812 Nicetes
1252 3766 1295 3813 te·

190 3832 318 3887 sumnum
333 3850 409 3904 quum
424 3834 534 3887 dilucide
549 3835 662 3903 protere.
743 3835 802 3887 nuel
818 3832 976 3893 comnenus,
993 3828 1076 3899 iuquit
1092 3829 1136 3881 ille
1153 3828 1222 3881 ritae
1238 3829 1294 3881 eius
1366 3884 1371 3891 A

189 3903 210 3957 1.
233 3905 282 3957 14
304 3902 470 3956 Theodorum
492 3903 658 3973 Styppiotem
680 3895 857 3985 είςτὴνὶτοῦ.
872 3895 919 3953 tal
933 3899 985 3953 τοῦ
1002 3896 1161 3981 κανγκλείοσ
1177 3901 1293 3985 μεγαλο-

189 3965 855 4096 truculentissimum
875 3969 985 4092 tritt
1000 3962 1296 4103 sceleratus:

188 4058 277 4165 ¹suaviae
293 4059 403 4179 τίληξὴν
421 4105 541 4233 stiparis
560 4059 905 4195 bintmsttgaopoalsne
923 4100 954 4161 lu
969 4107 1021 4161 sori
1033 4105 1084 4190 'cpi
1096 4100 1295 4189 'Eranustoisp

190 4179 321 4247 δοθῆναι
340 4179 452 4249 (λογεῖον
485 4176 670 4248 ρνθροδοίνοο
690 4175 824 4233 σιοίλνίίον
841 4192 973 4247 γρνσεον,
991 4176 1080 4233 ucrrbrt
1096 4174 1163 4257 idem
1181 4173 1198 4224 l.
1216 4172 1240 4255 3
1272 4188 1296 4223 ru

189 4248 273 4318 igitur
289 4249 358 4301 idern
373 4248 474 4319 estqui
491 4249 605 4302 canicleo
623 4249 773 4319 praeficitur
790 4255 816 4301 et
832 4248 877 4317 qul
896 4239 995 4300 vasculi
1011 4260 1135 4315 purpurei
1145 4239 1240 4295 colorrs
1251 4258 1297 4293 cu·

189 4326 249 4373 etos
272 4325 330 4382 est,
352 4332 384 4370 ac
408 4317 468 4371 ideo
491 4313 525 4372 τὰ
552 4322 711 4374 oceanas
734 4323 775 4375 est
796 4317 909 4388 λογεῖον
934 4306 1153 4385 ίραθροὸοίνοσ,
1176 4308 1247 4381 quod
1271 4315 1299 4364 at

235 4398 329 4452 Cadio.
351 4398 504 4467 europam.
525 4398 559 4456 da
580 4399 656 4467 Offia
1052 4386 1091 4449 14
