3075 4867
257 226 332 301 scs
415 228 695 299 crassenses
709 212 1194 299 corurcouuurusmus

259 390 335 453 hunc
354 392 537 471 maman,
557 397 592 451 nt
610 396 692 475 patet
711 410 746 451 er
766 390 878 473 Typico
895 393 927 451 S.
944 392 1049 471 Sabae,
1070 388 1363 455 erblenaeoindu-

153 484 345 557 pffipgusto
365 483 395 536 et
414 476 581 556 Septembri.
623 482 669 537 est
688 477 801 539 devotio
823 478 1004 556 Germanica,
1030 482 1061 537 et
1087 484 1181 539 exstat
1207 478 1238 538 iu
1258 477 1364 556 pleris-

260 582 317 641 que
336 561 494 622 missalibus
515 567 545 621 et
565 561 725 640 breviariis,
756 564 787 622 in
805 562 999 642 Eystettmsi‚
1024 561 1243 643 mamurra,
1271 563 1365 628 Solis-

257 648 406 725 bnrgensi,
426 646 613 726 Frisingensi‚
632 647 778 723 curiensi3
797 648 950 726 multisque
968 646 1054 727 locis,
1073 667 1183 709 summo
1203 666 1288 711 mane
1308 660 1357 726 por

258 733 376 811 triginta
394 730 457 791 illos
478 732 538 791 dies
559 733 668 793 canitur
687 733 809 795 officium
828 734 866 793 do
884 733 913 793 b.
934 733 1061 811 virgine,
1089 734 1258 810 gaudeamus
1274 746 1355 793 carru

259 825 316 895 stc,
342 817 482 895 frequenti
506 816 613 899 populo
639 824 810 881 succurrente.¹
850 824 883 879 et
902 818 948 879 hic
969 818 1137 897 ingolstadii
1157 818 1283 897 quotidie
1308 830 1357 891 per

259 903 377 979 triginta
404 902 464 961 dies
491 920 527 963 ex
551 904 778 981 congregationis
805 902 990 965 bmdanieae
1009 903 1176 963 fundatione
1195 903 1305 962 litauim
1324 903 1357 955 et

260 988 332 1047 abae
351 987 494 1047 carbones
516 994 655 1050 canuntur
674 988 704 1047 iu
724 988 833 1069 templo
852 990 881 1049 d.
897 989 1022 1069 virginis,
1041 990 1173 1067 idemque
1188 988 1222 1047 iit
1233 989 1265 1047 in
1279 980 1356 1041 liau-

258 1074 365 1133 riciana
385 1072 524 1150 parochia
566 1078 597 1133 et
618 1074 765 1150 quamvis,
785 1082 819 1133 ut
838 1074 924 1153 aliqui
943 1074 1087 1151 obiiciunt,
1108 1094 1128 1135 a
1148 1068 1358 1134 Graecistfitm

258 1156 442 1217 schismaticis
463 1163 556 1216 ortum
582 1157 717 1236 haberet,
746 1160 824 1236 quod
844 1165 940 1220 nmen
960 1178 1041 1219 scura
1062 1163 1124 1236 est,
1147 1178 1207 1217 non
1225 1158 1285 1215 iao
1304 1152 1356 1209 im-

196 1303 210 1328 ·
261 1242 410 1325 probanda
426 1247 502 1303 esset
522 1242 591 1303 haec
614 1245 802 1305 consuetudo:
821 1262 888 1305 nam
900 1251 932 1304 et
951 1263 971 1305 a
989 1243 1172 1307 schismaticis
1191 1243 1291 1302 borum
1304 1236 1356 1295 all-

261 1329 340 1403 quod
368 1327 528 1387 imtiurtum
552 1328 688 1407 proticisci
716 1333 821 1407 potest.
862 1335 908 1391 aa
928 1347 998 1408 ergo
1022 1348 1041 1387 a
1061 1322 1267 1389 Germanisbic
1286 1341 1358 1398 Μ,

262 1414 312 1489 qui
331 1412 470 1472 defunctis
491 1413 658 1475 tricesimum
679 1432 764 1490 agere
785 1412 896 1486 solent3
924 1419 955 1478 et
977 1413 1078 1475 alicubi
1095 1414 1121 1473 si
1140 1414 1199 1491 quit
1214 1408 1359 1468 honestior

262 1502 390 1561 mortuns
411 1504 472 1574 est,
494 1516 552 1557 nou
573 1504 685 1557 tantum
702 1504 854 1577 parentant
873 1498 913 1557 illi
929 1500 1015 1559 tertio
1032 1498 1155 1578 septimo
1169 1498 1200 1552 et
1219 1492 1359 1552 uicesimo

263 1583 327 1657 die,
350 1582 404 1641 sed
430 1583 555 1659 quotidie
584 1583 681 1643 habitu
702 1582 816 1660 lugubri
835 1584 874 1643 ad
893 1584 1008 1643 missam
1026 1588 1057 1643 et
1076 1584 1115 1641 ad
1135 1596 1262 1655 sospem
1281 1581 1361 1652 cuni,

263 1673 295 1727 et
315 1667 439 1726 offerunt
458 1669 496 1724 ad
516 1666 608 1757 altarq
621 1669 734 1745 quidem
754 1669 917 1749 pecuniam,
936 1669 975 1728 ad
994 1665 1188 1746 deuotaphium
1206 1681 1274 1721 vero
1297 1659 1367 1742 (aas

265 1752 314 1811 der
334 1750 415 1829 bour)
436 1751 546 1828 vinum,
574 1772 663 1832 panes
691 1758 744 1812 ete
787 1753 921 1815 Germani
940 1772 1010 1831 ergo
1030 1747 1198 1821 vacationi
1214 1745 1363 1809 divacvir-

262 1836 337 1914 ginis
359 1836 541 1897 addictissimi
561 1839 646 1899 etiam
663 1857 714 1917 per
733 1842 779 1897 tot
799 1839 859 1897 dies
879 1844 1029 1917 parentare
1048 1837 1194 1895 voluerunt
1212 1833 1296 1891 divae
1308 1831 1362 1888 vir·

262 1921 340 1999 giril,
360 1940 420 1979 non
438 1922 595 2000 lugubriter
610 1930 644 1981 ut
663 1929 808 2000 mortuae,
825 1924 878 1983 sed
896 1923 1022 1983 hilariter
1040 1926 1071 1981 ut
1092 1919 1123 1977 in
1142 1916 1236 1976 caelos
1256 1934 1362 1975 aminn-

263 2010 346 2085 ptae:
367 2005 433 2067 hinc
450 2026 510 2069 nou
526 2009 679 2070 audiuntur
698 2008 827 2068 funebria
844 2009 969 2086 cantion,
987 2008 1037 2068 sed
1058 2003 1151 2065 omnia
1171 2003 1210 2066 ad
1230 2001 1364 2061 laetitiam

264 2109 328 2150 com
349 2096 436 2152 arata

328 2111 378 2255 pp.
389 2176 428 2238 81
444 2194 470 2234 v.
484 2176 534 2239 21.
556 2174 734 2235 decollationi
754 2176 786 2235 S.
805 2175 919 2237 loannis
934 2174 1073 2253 baptistae
1092 2189 1171 2232 sacer
1190 2174 1237 2228 est
1251 2168 1311 2227 dies
1323 2170 1364 2230 29

264 2258 389 2337 Augusti
412 2264 473 2317 tatn
497 2260 575 2339 apud
602 2259 726 2351 Grqecos
753 2280 840 2339 quam
865 2262 942 2339 apud
969 2258 1097 2320 Latinos
1138 2257 1169 2316 in
1188 2255 1245 2317 boc
1264 2255 1366 2313 festum

154 2375 157 2379 ’
264 2347 358 2403 vanae
386 2347 499 2416 entant
530 2342 703 2405 Graecorum
727 2352 840 2425 patrum
866 2344 1002 2407 homiliae.
1045 2361 1104 2403 non
1127 2342 1274 2420 pauciores
1294 2341 1366 2398 forte

265 2430 359 2493 adbuc
378 2429 408 2489 iu
426 2428 601 2489 bibliothecis
622 2450 685 2489 cum
706 2431 789 2489 tineis
805 2431 957 2506 blattisque
970 2426 1075 2487 bellum
1092 2431 1206 2504 gerunt.

352 2550 381 2609 p·
393 2532 435 2595 82
451 2549 478 2589 v.
496 2530 522 2591 1.
552 2532 676 2591 secundo
697 2532 743 2590 die
760 2530 822 2591 iulii
845 2535 935 2607 agunt
955 2528 1058 2589 Graeci
1077 2524 1293 2586 anniversariam
1311 2539 1367 2582 me

266 2615 382 2673 moriam
413 2614 559 2695 depositae
585 2616 616 2674 in
643 2616 749 2695 templo
775 2615 972 2692 Blachernensi
994 2618 1075 2695 cetis
1094 2613 1225 2691 deiparae
1256 2606 1368 2684 virginis

265 2699 320 2757 sub
347 2697 445 2758 Leone
471 2705 502 2758 et
528 2698 632 2761 Verina
657 2703 745 2779 impp.
787 2701 852 2759 vide
878 2698 1028 2759 Menaeum
1056 2698 1133 2755 dicto
1164 2696 1211 2753 die
1235 2692 1306 2751 Iulii
1339 2696 1369 2749 at

265 2783 308 2844 31
341 2782 388 2841 die
413 2782 537 2860 Augusti
563 2791 653 2861 agunt
679 2788 763 2843 iidem
789 2784 891 2843 Graeci
911 2783 1127 2843 anniversariam
1147 2778 1309 2839 memoriam
1326 2776 1368 2834 de-

262 2870 368 2945 positae
394 2886 474 2925 socos
500 2869 631 2944 deiparae
658 2853 774 2944 virginis
800 2869 831 2923 in
858 2869 966 2945 templo
996 2866 1267 2946 Chdoopratiorum
1308 2862 1369 2918 vide

266 2950 416 3009 Menaeum
440 2950 516 3008 dicto
539 2952 586 3008 die
604 2951 728 3027 Augusti
748 2956 779 3009 et
798 2950 949 3027 Nicephor.
973 2952 1013 3016 14
1031 2950 1080 3015 49.
1121 2949 1174 3007 sed
1195 2948 1232 3005 de
1253 2964 1312 3022 qno
1329 2946 1368 3003 ie·

213 3046 221 3055 “
266 3042 314 3093 sto
335 3035 526 3113 accipiendum
547 3036 624 3111 quod
645 3037 773 3095 Codinus
793 3034 913 3094 scribiti
937 3035 1049 3095 videtur
1064 3035 1102 3093 de
1119 3034 1222 3113 priore,
1243 3030 1369 3107 quando-

267 3119 383 3195 quidem
408 3120 590 3199 depositionem
617 3120 782 3181 cenerondoe
808 3124 889 3179 uestis
920 3123 1061 3191 nominat;
1088 3124 1119 3179 et
1148 3118 1301 3196 imperator
1332 3114 1368 3175 ad

266 3204 438 3264 Blachernas
459 3205 513 3264 hoc
532 3205 606 3265 festo
626 3206 703 3284 ibat,
724 3206 773 3264 ubi
793 3210 874 3265 subs
889 3204 937 3264 illa
956 3206 1090 3284 reposita
1132 3222 1183 3261 cur
1202 3222 1272 3278 ergo
1286 3198 1370 3258 Codi-

266 3308 321 3348 nus
342 3290 372 3349 id
391 3310 450 3349 non
469 3292 609 3351 recensuit
627 3312 678 3351 suo
699 3290 771 3369 loco,
790 3291 845 3350 hoc
858 3296 902 3349 est
915 3291 945 3347 in
956 3288 1049 3352 Iulioi
1090 3306 1204 3350 causam
1228 3287 1305 3344 dicat
1326 3282 1370 3359 qui

269 3380 368 3433 notam
393 3376 494 3437 habet:
524 3396 578 3455 ego
603 3378 671 3438 mihi
697 3377 824 3454 ignotam
852 3377 952 3435 fateor.
995 3375 1048 3433 nisi
1069 3374 1143 3433 forte
1161 3372 1313 3449 legendum
1329 3368 1371 3426 hic

269 3463 324 3536 τῆς
344 3463 443 3538 τιμίας
460 3456 567 3540 ζώνης.
610 3464 661 3523 scd
674 3468 743 3521 tunc
756 3461 855 3520 obstat
867 3458 1004 3539 templum
1019 3459 1225 3534 Blachernium,
1245 3457 1283 3513 ad
1297 3453 1371 3530 quod

270 3543 324 3601 hoc
345 3544 391 3602 die
411 3546 563 3623 imperator
582 3567 645 3607 cum
665 3549 723 3605 suis
745 3546 876 3624 palatinis
893 3545 998 3607 itabat:
1030 3551 1062 3605 at
1082 3564 1152 3603 sono
1172 3542 1305 3619 deiparae
1329 3557 1371 3597 as-

269 3628 434 3688 servabatur
454 3630 599 3710 intemplo
612 3634 643 3691 in
656 3632 868 3711 Chalcoprateis
883 3632 1014 3710 condito,
1036 3636 1070 3694 ut
1084 3634 1205 3690 testatur
1218 3624 1372 3685 Menaeum.

338 3742 402 3797 ibid.
439 3744 547 3797 miratur
575 3762 624 3797 nec
647 3743 773 3800 immerito
803 3748 958 3813 Greisarus,
986 3761 1046 3811 cur,
1082 3760 1139 3797 oum
1176 3738 1299 3795 nemoris
1329 3736 1374 3790 ἆθ-

269 3808 371 3893 positas
384 3811 411 3864 in
430 3814 525 3884 templo
537 3814 720 3868 Blachernensi
730 3820 813 3868 vestis
824 3815 865 3868 dai
884 3831 945 3867 arus
961 3814 1066 3881 virginis
1077 3814 1125 3866 sub
1136 3812 1226 3864 Leone
1242 3816 1269 3863 et
1281 3806 1375 3861 Verius
1387 3839 1390 3843 -

271 3896 348 3949 impp.
366 3882 384 3935 2
401 3880 460 3934 ΙιιΙίἰ
477 3884 634 3944 celebretur,
651 3884 761 3952 Augusti
777 3901 841 3938 voro
881 3885 905 3936 's
929 3885 963 3938 ³1
986 3882 1083 3936 Graeci
1106 3878 1307 3939 anniversariam
1330 3876 1376 3927 ὅθ·

272 3950 374 4016 positae
391 3966 472 4005 nonae
489 3950 601 4006 eiusdem
618 3952 740 4022 deiparae
756 3953 783 4006 in
804 3953 899 4023 templo
916 3952 1153 4023 Chalcopratiorum
1171 3952 1312 4019 peragant,
1330 3946 1375 3997 5⁰¹·

274 4024 380 4099 perator
397 4020 529 4073 celebrata
545 4022 646 4075 loannis
665 4022 794 4091 prodromi
819 4020 987 4075 decollatione
1010 4021 1042 4075 ad
1068 4020 1223 4074 Blachernas
1246 4016 1379 4069 adoratam

273 4102 311 4141 tre
334 4086 478 4154 scribatur,
504 4088 572 4141 festo
591 4091 728 4160 'depositae
752 4092 835 4145 vestis
859 4090 930 4161 quod
955 4090 1013 4144 Iulii
1034 4094 1053 4145 2
1074 4087 1211 4172 praeteriit
1227 4082 1382 4155 peragendo.

274 4154 318 4207 vel
333 4156 356 4209 si
371 4156 441 4210 aliud
459 4162 529 4210 retro
546 4158 639 4211 dictam
656 4159 849 4213 decollationem
865 4166 1029 4226 occurreret,
1051 4158 1119 4211 ahud
1143 4175 1161 4210 a
1184 4153 1301 4223 deposita
1319 4168 1383 4204 zoua

274 4224 300 4276 iu
318 4224 507 4325 chalcopratia
524 4228 633 4283 colenda
651 4244 775 4301 nusquam
790 4231 872 4284 suino
889 4229 998 4286 deberet
1014 4228 1155 4283 obversari.
1170 4241 1282 4279 causans
1304 4224 1383 4285 dicct,
