<?xml version="1.0" encoding="UTF-8"?>
<!DOCTYPE html PUBLIC "-//W3C//DTD XHTML 1.0 Transitional//EN"
    "http://www.w3.org/TR/xhtml1/DTD/xhtml1-transitional.dtd">
<html xmlns="http://www.w3.org/1999/xhtml" xml:lang="en" lang="en">
 <head>
  <title>
</title>
<meta http-equiv="Content-Type" content="text/html;charset=utf-8" />
  <meta name='ocr-system' content='tesseract 3.04.00' />
  <meta name='ocr-capabilities' content='ocr_page ocr_carea ocr_par ocr_line ocrx_word'/>
</head>
<body>
  <div class='ocr_page' id='page_1' title='image "./corpusscriptoru23theogoog/corpusscriptoru23theogoog_0397.png"; bbox 0 0 3075 4867; ppageno 0'>
   <div class='ocr_carea' id='block_1_1' title="bbox 814 3 836 43">
    <p class='ocr_par' dir='ltr' id='par_1_1' title="bbox 814 3 836 43">
     <span class='ocr_line' id='line_1_1' title="bbox 814 3 836 43; baseline 0.091 -2"><span class='ocrx_word' id='word_1_1' title='bbox 814 3 836 43; x_wconf 68' lang='grc' dir='ltr'><strong>,ξ</strong></span> 
     </span>
    </p>
   </div>
   <div class='ocr_carea' id='block_1_2' title="bbox 485 259 1249 363">
    <p class='ocr_par' dir='ltr' id='par_1_2' title="bbox 485 259 1249 363">
     <span class='ocr_line' id='line_1_2' title="bbox 485 259 1249 363; baseline 0.018 -16"><span class='ocrx_word' id='word_1_2' title='bbox 485 277 701 350; x_wconf 85' lang='lat' dir='ltr'><strong>moouun</strong></span> <span class='ocrx_word' id='word_1_3' title='bbox 719 281 804 352; x_wconf 80' lang='lat' dir='ltr'><strong>am.</strong></span> <span class='ocrx_word' id='word_1_4' title='bbox 826 283 909 353; x_wconf 85' lang='lat' dir='ltr'><strong>xx.</strong></span> <span class='ocrx_word' id='word_1_5' title='bbox 1154 259 1249 363; x_wconf 82' lang='lat' dir='ltr'><strong>‘ono</strong></span> 
     </span>
    </p>
   </div>
   <div class='ocr_carea' id='block_1_3' title="bbox 147 437 1314 1282">
    <p class='ocr_par' dir='ltr' id='par_1_3' title="bbox 147 437 1314 1046">
     <span class='ocr_line' id='line_1_3' title="bbox 149 437 1250 530; baseline 0.009 -36"><span class='ocrx_word' id='word_1_6' title='bbox 149 441 285 506; x_wconf 76' lang='lat' dir='ltr'><strong>noeentum,</strong></span> <span class='ocrx_word' id='word_1_7' title='bbox 308 437 380 528; x_wconf 75' lang='lat' dir='ltr'><strong>qnod</strong></span> <span class='ocrx_word' id='word_1_8' title='bbox 401 441 516 525; x_wconf 47' lang='lat' dir='ltr'><strong>maxime·</strong></span> <span class='ocrx_word' id='word_1_9' title='bbox 530 455 631 524; x_wconf 75' lang='lat' dir='ltr'><strong>semper</strong></span> <span class='ocrx_word' id='word_1_10' title='bbox 656 457 718 524; x_wconf 41' lang='lat' dir='ltr'><strong>eum·</strong></span> <span class='ocrx_word' id='word_1_11' title='bbox 737 443 916 530; x_wconf 69' lang='lat' dir='ltr'><strong>multaretur,</strong></span> <span class='ocrx_word' id='word_1_12' title='bbox 940 460 973 498; x_wconf 77' lang='lat' dir='ltr'><strong>uo</strong></span> <span class='ocrx_word' id='word_1_13' title='bbox 986 445 1014 500; x_wconf 85' lang='lat' dir='ltr'><strong>in</strong></span> <span class='ocrx_word' id='word_1_14' title='bbox 1030 445 1128 530; x_wconf 69' lang='lat' dir='ltr'><strong>palatio</strong></span> <span class='ocrx_word' id='word_1_15' title='bbox 1143 447 1177 504; x_wconf 84' lang='lat' dir='ltr'><strong>ed</strong></span> <span class='ocrx_word' id='word_1_16' title='bbox 1194 450 1250 504; x_wconf 84' lang='lat' dir='ltr'><strong>eius</strong></span> 
     </span>
     <span class='ocr_line' id='line_1_4' title="bbox 148 511 1252 666; baseline 0.016 -36"><span class='ocrx_word' id='word_1_17' title='bbox 148 511 1252 666; x_wconf 58' lang='lat' dir='ltr'><strong>altimettmummmammen,triturabant</strong></span> 
     </span>
     <span class='ocr_line' id='line_1_5' title="bbox 148 646 1252 730; baseline 0.008 -30"><span class='ocrx_word' id='word_1_18' title='bbox 148 646 300 730; x_wconf 75' lang='lat' dir='ltr'><strong>habitaret.⁸</strong></span> <span class='ocrx_word' id='word_1_19' title='bbox 313 649 424 700; x_wconf 82' lang='lat' dir='ltr'><strong>aderant</strong></span> <span class='ocrx_word' id='word_1_20' title='bbox 446 665 469 702; x_wconf 83' lang='lat' dir='ltr'><strong>m</strong></span> <span class='ocrx_word' id='word_1_21' title='bbox 495 647 530 714; x_wconf 86' lang='lat' dir='ltr'><strong>(si</strong></span> <span class='ocrx_word' id='word_1_22' title='bbox 552 648 686 701; x_wconf 79' lang='lat' dir='ltr'><strong>Pbranuae</strong></span> <span class='ocrx_word' id='word_1_23' title='bbox 708 649 842 720; x_wconf 79' lang='lat' dir='ltr'><strong>interpreti</strong></span> <span class='ocrx_word' id='word_1_24' title='bbox 868 652 933 704; x_wconf 87' lang='lat' dir='ltr'><strong>lides</strong></span> <span class='ocrx_word' id='word_1_25' title='bbox 959 652 1089 720; x_wconf 84' lang='lat' dir='ltr'><strong>habenda)</strong></span> <span class='ocrx_word' id='word_1_26' title='bbox 1105 657 1252 710; x_wconf 74' lang='lat' dir='ltr'><strong>uaomdoteo</strong></span> 
     </span>
     <span class='ocr_line' id='line_1_6' title="bbox 148 715 1252 800; baseline 0.011 -32"><span class='ocrx_word' id='word_1_27' title='bbox 148 733 191 768; x_wconf 77' lang='lat' dir='ltr'><strong>eui</strong></span> <span class='ocrx_word' id='word_1_28' title='bbox 208 715 328 798; x_wconf 79' lang='lat' dir='ltr'><strong>(pelotini</strong></span> <span class='ocrx_word' id='word_1_29' title='bbox 339 717 467 783; x_wconf 82' lang='lat' dir='ltr'><strong>niniirum)</strong></span> <span class='ocrx_word' id='word_1_30' title='bbox 484 725 509 770; x_wconf 82' lang='lat' dir='ltr'><strong>et</strong></span> <span class='ocrx_word' id='word_1_31' title='bbox 519 717 665 800; x_wconf 72' lang='lat' dir='ltr'><strong>spiritualis</strong></span> <span class='ocrx_word' id='word_1_32' title='bbox 675 725 754 800; x_wconf 60' lang='lat' dir='ltr'><strong>pater</strong></span> <span class='ocrx_word' id='word_1_33' title='bbox 763 721 907 789; x_wconf 67' lang='lat' dir='ltr'><strong>Gregorius</strong></span> <span class='ocrx_word' id='word_1_34' title='bbox 918 730 1032 789; x_wconf 69' lang='lat' dir='ltr'><strong>mogum</strong></span> <span class='ocrx_word' id='word_1_35' title='bbox 1040 727 1252 792; x_wconf 75' lang='lat' dir='ltr'><strong>protosyngeluo.</strong></span> 
     </span>
     <span class='ocr_line' id='line_1_7' title="bbox 149 783 1251 874; baseline 0.006 -38"><span class='ocrx_word' id='word_1_36' title='bbox 149 783 183 836; x_wconf 90' lang='lat' dir='ltr'><strong>de</strong></span> <span class='ocrx_word' id='word_1_37' title='bbox 191 784 297 868; x_wconf 39' lang='lat' dir='ltr'><strong>&#39;lpenne</strong></span> <span class='ocrx_word' id='word_1_38' title='bbox 312 791 467 854; x_wconf 81' lang='lat' dir='ltr'><strong>imperatore</strong></span> <span class='ocrx_word' id='word_1_39' title='bbox 484 785 642 854; x_wconf 71' lang='lat' dir='ltr'><strong>loquitar-etl</strong></span> <span class='ocrx_word' id='word_1_40' title='bbox 666 787 797 868; x_wconf 67' lang='lat' dir='ltr'><strong>oonpliurn</strong></span> <span class='ocrx_word' id='word_1_41' title='bbox 814 789 990 874; x_wconf 81' lang='lat' dir='ltr'><strong>Floreptiuum</strong></span> <span class='ocrx_word' id='word_1_42' title='bbox 1006 789 1073 843; x_wconf 81' lang='lat' dir='ltr'><strong>riam</strong></span> <span class='ocrx_word' id='word_1_43' title='bbox 1091 798 1251 859; x_wconf 79' lang='lat' dir='ltr'><strong>capessente.</strong></span> 
     </span>
     <span class='ocr_line' id='line_1_8' title="bbox 147 854 1314 1044; baseline 0.005 -69"><span class='ocrx_word' id='word_1_44' title='bbox 147 854 580 1044; x_wconf 49' lang='lat' dir='ltr'><strong>{fflidlfnlii‘lliltib’</strong></span> <span class='ocrx_word' id='word_1_45' title='bbox 593 855 736 998; x_wconf 45' lang='lat' dir='ltr'><strong>illiba</strong></span> <span class='ocrx_word' id='word_1_46' title='bbox 749 857 1251 1003; x_wconf 51' lang='lat' dir='ltr'><strong>bssirffllssiissnibitd‘bsslt</strong></span> <span class='ocrx_word' id='word_1_47' title='bbox 1307 893 1314 905; x_wconf 74' lang='grc'><em>“</em></span> 
     </span>
     <span class='ocr_line' id='line_1_9' title="bbox 168 1006 473 1046; baseline 0.013 -4"><span class='ocrx_word' id='word_1_48' title='bbox 168 1006 217 1043; x_wconf 87' lang='lat' dir='ltr'><strong>can</strong></span> <span class='ocrx_word' id='word_1_49' title='bbox 230 1007 277 1043; x_wconf 84' lang='lat' dir='ltr'><strong>ram</strong></span> <span class='ocrx_word' id='word_1_50' title='bbox 359 1010 373 1044; x_wconf 88' lang='lat' dir='ltr'><strong>r</strong></span> <span class='ocrx_word' id='word_1_51' title='bbox 399 1009 439 1044; x_wconf 85' lang='lat' dir='ltr'><strong>roe</strong></span> <span class='ocrx_word' id='word_1_52' title='bbox 465 1029 473 1046; x_wconf 88' lang='lat'><strong>.</strong></span> 
     </span>
    </p>

    <p class='ocr_par' dir='ltr' id='par_1_4' title="bbox 147 1009 1250 1282">
     <span class='ocr_line' id='line_1_10' title="bbox 219 1009 1250 1160; baseline 0.005 -32"><span class='ocrx_word' id='word_1_53' title='bbox 219 1091 247 1142; x_wconf 88' lang='lat' dir='ltr'><strong>p.</strong></span> <span class='ocrx_word' id='word_1_54' title='bbox 262 1011 312 1129; x_wconf 58' lang='lat'><strong>10}</strong></span> <span class='ocrx_word' id='word_1_55' title='bbox 322 1009 357 1129; x_wconf 64' lang='lat' dir='ltr'><strong>mo</strong></span> <span class='ocrx_word' id='word_1_56' title='bbox 363 1009 405 1132; x_wconf 60' lang='lat' dir='ltr'><strong>ti.</strong></span> <span class='ocrx_word' id='word_1_57' title='bbox 422 1009 642 1160; x_wconf 58' lang='grc' dir='ltr'><strong>κῗθργοῦμεροι]</strong></span> <span class='ocrx_word' id='word_1_58' title='bbox 654 1094 718 1148; x_wconf 82' lang='lat' dir='ltr'><strong>quoe</strong></span> <span class='ocrx_word' id='word_1_59' title='bbox 730 1073 903 1150; x_wconf 73' lang='grc' dir='ltr'><strong><em>ἡγουμένους</em></strong></span> <span class='ocrx_word' id='word_1_60' title='bbox 912 1094 1013 1149; x_wconf 85' lang='lat' dir='ltr'><strong>quoque</strong></span> <span class='ocrx_word' id='word_1_61' title='bbox 1023 1079 1142 1133; x_wconf 79' lang='lat' dir='ltr'><strong>dieimnor</strong></span> <span class='ocrx_word' id='word_1_62' title='bbox 1160 1096 1250 1148; x_wconf 73' lang='grc' dir='ltr'><strong><em>προη·</em></strong></span> 
     </span>
     <span class='ocr_line' id='line_1_11' title="bbox 147 1139 1250 1230; baseline 0.006 -34"><span class='ocrx_word' id='word_1_63' title='bbox 147 1139 304 1214; x_wconf 71' lang='lat' dir='ltr'><strong>pnupduooe</strong></span> <span class='ocrx_word' id='word_1_64' title='bbox 326 1149 425 1227; x_wconf 78' lang='lat' dir='ltr'><strong>autom,</strong></span> <span class='ocrx_word' id='word_1_65' title='bbox 451 1163 496 1214; x_wconf 75' lang='lat' dir='ltr'><strong>qm</strong></span> <span class='ocrx_word' id='word_1_66' title='bbox 519 1147 566 1199; x_wconf 83' lang='lat' dir='ltr'><strong>lios</strong></span> <span class='ocrx_word' id='word_1_67' title='bbox 587 1163 615 1200; x_wconf 87' lang='grc' dir='ltr'><strong>ιιι</strong></span> <span class='ocrx_word' id='word_1_68' title='bbox 637 1148 723 1230; x_wconf 71' lang='lat' dir='ltr'><strong>otlieio</strong></span> <span class='ocrx_word' id='word_1_69' title='bbox 745 1156 953 1220; x_wconf 72' lang='lat' dir='ltr'><strong>praemiserunt,</strong></span> <span class='ocrx_word' id='word_1_70' title='bbox 976 1154 1004 1203; x_wconf 84' lang='lat' dir='ltr'><strong>et</strong></span> <span class='ocrx_word' id='word_1_71' title='bbox 1020 1148 1176 1221; x_wconf 81' lang='lat' dir='ltr'><strong>superiorum</strong></span> <span class='ocrx_word' id='word_1_72' title='bbox 1192 1165 1250 1203; x_wconf 90' lang='lat' dir='ltr'><strong>mn-</strong></span> 
     </span>
     <span class='ocr_line' id='line_1_12' title="bbox 148 1213 706 1282; baseline 0.014 -16"><span class='ocrx_word' id='word_1_73' title='bbox 148 1229 230 1280; x_wconf 85' lang='lat' dir='ltr'><strong>nere,</strong></span> <span class='ocrx_word' id='word_1_74' title='bbox 249 1229 300 1282; x_wconf 92' lang='lat' dir='ltr'><strong>quo</strong></span> <span class='ocrx_word' id='word_1_75' title='bbox 317 1231 347 1271; x_wconf 77' lang='lat' dir='ltr'><strong>se</strong></span> <span class='ocrx_word' id='word_1_76' title='bbox 362 1213 526 1282; x_wconf 81' lang='lat' dir='ltr'><strong>abdicarunt,</strong></span> <span class='ocrx_word' id='word_1_77' title='bbox 541 1220 601 1269; x_wconf 75' lang='lat' dir='ltr'><strong>sirintv</strong></span> <span class='ocrx_word' id='word_1_78' title='bbox 615 1217 706 1274; x_wconf 77' lang='lat' dir='ltr'><strong>funeb.</strong></span> 
     </span>
    </p>
   </div>
   <div class='ocr_carea' id='block_1_4' title="bbox 147 1309 1249 1526">
    <p class='ocr_par' dir='ltr' id='par_1_5' title="bbox 147 1309 1249 1526">
     <span class='ocr_line' id='line_1_13' title="bbox 159 1309 1249 1402; baseline 0.005 -35"><span class='ocrx_word' id='word_1_79' title='bbox 159 1385 167 1398; x_wconf 87' lang='lat'>.</span> <span class='ocrx_word' id='word_1_80' title='bbox 219 1314 285 1368; x_wconf 74' lang='lat' dir='ltr'><strong>iota.</strong></span> <span class='ocrx_word' id='word_1_81' title='bbox 318 1309 371 1383; x_wconf 76' lang='grc' dir='ltr'><strong>τὴν</strong></span> <span class='ocrx_word' id='word_1_82' title='bbox 393 1315 550 1400; x_wconf 62' lang='grc' dir='ltr'><strong><em>οφραρῖὃορ]</em></strong></span> <span class='ocrx_word' id='word_1_83' title='bbox 568 1312 735 1387; x_wconf 59' lang='lat' dir='ltr'><strong>epitimam,</strong></span> <span class='ocrx_word' id='word_1_84' title='bbox 759 1317 944 1400; x_wconf 67' lang='grc' dir='ltr'><strong>προχείριοιυ,</strong></span> <span class='ocrx_word' id='word_1_85' title='bbox 965 1317 1151 1402; x_wconf 71' lang='lat' dir='ltr'><strong>promotionem</strong></span> <span class='ocrx_word' id='word_1_86' title='bbox 1166 1317 1249 1400; x_wconf 79' lang='lat' dir='ltr'><strong>intel·</strong></span> 
     </span>
     <span class='ocr_line' id='line_1_14' title="bbox 147 1381 1249 1458; baseline 0.006 -23"><span class='ocrx_word' id='word_1_87' title='bbox 147 1381 220 1452; x_wconf 71' lang='lat' dir='ltr'><strong>lige,</strong></span> <span class='ocrx_word' id='word_1_88' title='bbox 247 1400 314 1454; x_wconf 85' lang='lat' dir='ltr'><strong>qnae</strong></span> <span class='ocrx_word' id='word_1_89' title='bbox 329 1384 399 1437; x_wconf 83' lang='lat' dir='ltr'><strong>fecto</strong></span> <span class='ocrx_word' id='word_1_90' title='bbox 415 1401 499 1438; x_wconf 79' lang='lat' dir='ltr'><strong>ornere</strong></span> <span class='ocrx_word' id='word_1_91' title='bbox 518 1403 591 1454; x_wconf 82' lang='lat' dir='ltr'><strong>signo</strong></span> <span class='ocrx_word' id='word_1_92' title='bbox 620 1386 801 1455; x_wconf 78' lang='lat' dir='ltr'><strong>compleretur.</strong></span> <span class='ocrx_word' id='word_1_93' title='bbox 826 1403 941 1458; x_wconf 78' lang='lat' dir='ltr'><strong>requires</strong></span> <span class='ocrx_word' id='word_1_94' title='bbox 965 1404 992 1442; x_wconf 87' lang='lat' dir='ltr'><strong>m</strong></span> <span class='ocrx_word' id='word_1_95' title='bbox 1007 1387 1206 1456; x_wconf 66' lang='lat' dir='ltr'><strong>Eumologmm</strong></span> <span class='ocrx_word' id='word_1_96' title='bbox 1222 1399 1249 1442; x_wconf 81' lang='lat' dir='ltr'><strong>et</strong></span> 
     </span>
     <span class='ocr_line' id='line_1_15' title="bbox 147 1452 812 1526; baseline 0.008 -20"><span class='ocrx_word' id='word_1_97' title='bbox 147 1452 268 1506; x_wconf 76' lang='lat' dir='ltr'><strong>eonsules</strong></span> <span class='ocrx_word' id='word_1_98' title='bbox 284 1459 438 1524; x_wconf 80' lang='lat' dir='ltr'><strong>postremam</strong></span> <span class='ocrx_word' id='word_1_99' title='bbox 453 1453 594 1526; x_wconf 82' lang='lat' dir='ltr'><strong>superioris</strong></span> <span class='ocrx_word' id='word_1_100' title='bbox 609 1453 702 1526; x_wconf 80' lang='lat' dir='ltr'><strong>ospitis</strong></span> <span class='ocrx_word' id='word_1_101' title='bbox 716 1461 812 1511; x_wconf 71' lang='lat' dir='ltr'><strong>nomm.</strong></span> 
     </span>
    </p>
   </div>
   <div class='ocr_carea' id='block_1_5' title="bbox 235 1553 1250 1663">
    <p class='ocr_par' dir='ltr' id='par_1_6' title="bbox 235 1553 1250 1663">
     <span class='ocr_line' id='line_1_16' title="bbox 235 1553 1250 1663; baseline 0.004 -45"><span class='ocrx_word' id='word_1_102' title='bbox 235 1559 272 1622; x_wconf 82' lang='lat' dir='ltr'><strong>ib.</strong></span> <span class='ocrx_word' id='word_1_103' title='bbox 294 1575 322 1619; x_wconf 83' lang='lat' dir='ltr'><strong>v.</strong></span> <span class='ocrx_word' id='word_1_104' title='bbox 339 1562 392 1624; x_wconf 79' lang='lat' dir='ltr'><strong>li.</strong></span> <span class='ocrx_word' id='word_1_105' title='bbox 420 1557 472 1622; x_wconf 79' lang='grc' dir='ltr'><strong>καὶ</strong></span> <span class='ocrx_word' id='word_1_106' title='bbox 494 1560 527 1624; x_wconf 82' lang='lat' dir='ltr'><strong>oi</strong></span> <span class='ocrx_word' id='word_1_107' title='bbox 549 1555 604 1642; x_wconf 76' lang='grc' dir='ltr'><strong>μὲν</strong></span> <span class='ocrx_word' id='word_1_108' title='bbox 626 1553 771 1643; x_wconf 67' lang='grc' dir='ltr'><strong><em>ἀρχιερεῖς</em></strong></span> <span class='ocrx_word' id='word_1_109' title='bbox 791 1559 836 1636; x_wconf 74' lang='grc' dir='ltr'><strong>εἷς</strong></span> <span class='ocrx_word' id='word_1_110' title='bbox 860 1556 1069 1663; x_wconf 68' lang='grc' dir='ltr'><strong>προσκύνησιν</strong></span> <span class='ocrx_word' id='word_1_111' title='bbox 1093 1563 1151 1624; x_wconf 77' lang='lat' dir='ltr'><strong>rori</strong></span> <span class='ocrx_word' id='word_1_112' title='bbox 1163 1559 1250 1640; x_wconf 78' lang='grc' dir='ltr'>βασι·</span> 
     </span>
    </p>
   </div>
   <div class='ocr_carea' id='block_1_6' title="bbox 140 1638 1357 4360">
    <p class='ocr_par' dir='ltr' id='par_1_7' title="bbox 140 1638 1357 4360">
     <span class='ocr_line' id='line_1_17' title="bbox 148 1638 1251 1726; baseline 0.002 -23"><span class='ocrx_word' id='word_1_113' title='bbox 148 1638 241 1717; x_wconf 70' lang='lat' dir='ltr'><strong>itae,</strong></span> <span class='ocrx_word' id='word_1_114' title='bbox 265 1639 308 1718; x_wconf 70' lang='lat' dir='ltr'><strong>oie</strong></span> <span class='ocrx_word' id='word_1_115' title='bbox 329 1642 457 1725; x_wconf 74' lang='grc' dir='ltr'><strong>εἴρηται,</strong></span> <span class='ocrx_word' id='word_1_116' title='bbox 482 1639 637 1726; x_wconf 58' lang='grc' dir='ltr'><strong><em>ἐρχόμενοι</em></strong></span> <span class='ocrx_word' id='word_1_117' title='bbox 659 1641 732 1726; x_wconf 80' lang='lat' dir='ltr'><strong>persi</strong></span> <span class='ocrx_word' id='word_1_118' title='bbox 753 1649 816 1708; x_wconf 80' lang='grc' dir='ltr'><strong><em>τοῖν</em></strong></span> <span class='ocrx_word' id='word_1_119' title='bbox 835 1643 964 1726; x_wconf 76' lang='grc' dir='ltr'><strong><em>ἔχοντων</em></strong></span> <span class='ocrx_word' id='word_1_120' title='bbox 985 1642 1121 1726; x_wconf 72' lang='lat' dir='ltr'><strong>pandrina</strong></span> <span class='ocrx_word' id='word_1_121' title='bbox 1147 1638 1251 1706; x_wconf 70' lang='lat' dir='ltr'><strong>odedu</strong></span> 
     </span>
     <span class='ocr_line' id='line_1_18' title="bbox 147 1721 1250 1808; baseline -0.003 -18"><span class='ocrx_word' id='word_1_122' title='bbox 147 1721 321 1808; x_wconf 74' lang='grc' dir='ltr'><strong><em>ποταμούς]</em></strong></span> <span class='ocrx_word' id='word_1_123' title='bbox 341 1727 438 1788; x_wconf 85' lang='lat' dir='ltr'><strong>lunius</strong></span> <span class='ocrx_word' id='word_1_124' title='bbox 452 1749 480 1808; x_wconf 87' lang='lat' dir='ltr'><strong>p.</strong></span> <span class='ocrx_word' id='word_1_125' title='bbox 494 1734 557 1794; x_wconf 78' lang='lat'><strong>212</strong></span> <span class='ocrx_word' id='word_1_126' title='bbox 571 1731 700 1789; x_wconf 84' lang='lat' dir='ltr'><strong>editionis</strong></span> <span class='ocrx_word' id='word_1_127' title='bbox 714 1749 800 1807; x_wconf 84' lang='lat' dir='ltr'><strong>snae,</strong></span> <span class='ocrx_word' id='word_1_128' title='bbox 815 1731 867 1792; x_wconf 78' lang='lat' dir='ltr'><strong>1e</strong></span> <span class='ocrx_word' id='word_1_129' title='bbox 880 1736 923 1796; x_wconf 77' lang='lat'><strong>20</strong></span> <span class='ocrx_word' id='word_1_130' title='bbox 932 1750 960 1790; x_wconf 83' lang='grc' dir='ltr'><strong>ιι</strong></span> <span class='ocrx_word' id='word_1_131' title='bbox 977 1735 1034 1796; x_wconf 81' lang='lat'><strong>16:</strong></span> <span class='ocrx_word' id='word_1_132' title='bbox 1054 1733 1148 1790; x_wconf 78' lang='lat' dir='ltr'><strong>summ</strong></span> <span class='ocrx_word' id='word_1_133' title='bbox 1161 1735 1250 1788; x_wconf 81' lang='lat' dir='ltr'><strong>auten</strong></span> 
     </span>
     <span class='ocr_line' id='line_1_19' title="bbox 147 1813 1251 1894; baseline 0.001 -24"><span class='ocrx_word' id='word_1_134' title='bbox 147 1814 298 1874; x_wconf 75' lang='lat' dir='ltr'><strong>sacerdotes</strong></span> <span class='ocrx_word' id='word_1_135' title='bbox 310 1813 350 1872; x_wconf 85' lang='lat' dir='ltr'><strong>nd</strong></span> <span class='ocrx_word' id='word_1_136' title='bbox 362 1813 534 1874; x_wconf 79' lang='lat' dir='ltr'><strong>salutandum</strong></span> <span class='ocrx_word' id='word_1_137' title='bbox 544 1818 738 1894; x_wconf 78' lang='lat' dir='ltr'><strong>imperatorem,</strong></span> <span class='ocrx_word' id='word_1_138' title='bbox 760 1820 793 1872; x_wconf 85' lang='lat' dir='ltr'><strong>ut</strong></span> <span class='ocrx_word' id='word_1_139' title='bbox 807 1815 939 1890; x_wconf 73' lang='lat' dir='ltr'><strong>dietmar,</strong></span> <span class='ocrx_word' id='word_1_140' title='bbox 958 1819 1088 1874; x_wconf 66' lang='lat' dir='ltr'><strong>neomutus</strong></span> <span class='ocrx_word' id='word_1_141' title='bbox 1110 1833 1170 1873; x_wconf 89' lang='lat' dir='ltr'><strong>oum</strong></span> <span class='ocrx_word' id='word_1_142' title='bbox 1186 1814 1251 1872; x_wconf 79' lang='lat' dir='ltr'><strong>alito</strong></span> 
     </span>
     <span class='ocr_line' id='line_1_20' title="bbox 146 1890 1252 1980; baseline 0.001 -22"><span class='ocrx_word' id='word_1_143' title='bbox 146 1898 295 1976; x_wconf 76' lang='lat' dir='ltr'><strong>niuuulyum</strong></span> <span class='ocrx_word' id='word_1_144' title='bbox 312 1915 388 1957; x_wconf 78' lang='lat' dir='ltr'><strong>ouum</strong></span> <span class='ocrx_word' id='word_1_145' title='bbox 410 1898 573 1959; x_wconf 78' lang='lat' dir='ltr'><strong>lnbentibus.</strong></span> <span class='ocrx_word' id='word_1_146' title='bbox 599 1918 755 1980; x_wconf 86' lang='lat' dir='ltr'><strong>perperam.</strong></span> <span class='ocrx_word' id='word_1_147' title='bbox 777 1898 839 1976; x_wconf 89' lang='lat' dir='ltr'><strong>lege</strong></span> <span class='ocrx_word' id='word_1_148' title='bbox 859 1918 893 1957; x_wconf 86' lang='lat' dir='ltr'><strong>ex</strong></span> <span class='ocrx_word' id='word_1_149' title='bbox 909 1901 1004 1959; x_wconf 89' lang='lat' dir='ltr'><strong>codiee</strong></span> <span class='ocrx_word' id='word_1_150' title='bbox 1020 1898 1154 1961; x_wconf 84' lang='lat' dir='ltr'><strong>Lauther.</strong></span> <span class='ocrx_word' id='word_1_151' title='bbox 1176 1890 1252 1979; x_wconf 80' lang='lat' dir='ltr'><strong>perui</strong></span> 
     </span>
     <span class='ocr_line' id='line_1_21' title="bbox 144 1976 1357 2062; baseline -0.003 -20"><span class='ocrx_word' id='word_1_152' title='bbox 144 1984 207 2044; x_wconf 78' lang='lat' dir='ltr'><strong>univ</strong></span> <span class='ocrx_word' id='word_1_153' title='bbox 220 1976 352 2062; x_wconf 75' lang='grc' dir='ltr'><strong><em>ἐχόντων</em></strong></span> <span class='ocrx_word' id='word_1_154' title='bbox 366 1977 511 2062; x_wconf 73' lang='lat' dir='ltr'><strong>poenino</strong></span> <span class='ocrx_word' id='word_1_155' title='bbox 524 1978 628 2046; x_wconf 73' lang='grc' dir='ltr'><strong><em>ου’τοῖν</em></strong></span> <span class='ocrx_word' id='word_1_156' title='bbox 637 1977 800 2062; x_wconf 75' lang='grc' dir='ltr'><strong><em>ποταμούς.</em></strong></span> <span class='ocrx_word' id='word_1_157' title='bbox 820 2003 879 2042; x_wconf 85' lang='lat' dir='ltr'><strong>oum</strong></span> <span class='ocrx_word' id='word_1_158' title='bbox 892 1985 1015 2062; x_wconf 77' lang='lat' dir='ltr'><strong>mmodpis</strong></span> <span class='ocrx_word' id='word_1_159' title='bbox 1028 1985 1250 2043; x_wconf 71' lang='lat' dir='ltr'><strong>enutrientibus</strong></span> <span class='ocrx_word' id='word_1_160' title='bbox 1265 1983 1289 2038; x_wconf 78' lang='grc' dir='ltr'><strong>Ρ</strong></span> <span class='ocrx_word' id='word_1_161' title='bbox 1305 1985 1357 2039; x_wconf 76' lang='grc'><strong>263</strong></span> 
     </span>
     <span class='ocr_line' id='line_1_22' title="bbox 140 2066 1254 2148; baseline -0.004 -20"><span class='ocrx_word' id='word_1_162' title='bbox 140 2068 243 2148; x_wconf 79' lang='lat' dir='ltr'><strong>fluuios</strong></span> <span class='ocrx_word' id='word_1_163' title='bbox 257 2107 265 2134; x_wconf 88' lang='lat'>,</span> <span class='ocrx_word' id='word_1_164' title='bbox 287 2067 342 2140; x_wconf 75' lang='lat' dir='ltr'><strong>boe</strong></span> <span class='ocrx_word' id='word_1_165' title='bbox 356 2073 400 2126; x_wconf 88' lang='lat' dir='ltr'><strong>est</strong></span> <span class='ocrx_word' id='word_1_166' title='bbox 413 2087 472 2128; x_wconf 85' lang='lat' dir='ltr'><strong>eum</strong></span> <span class='ocrx_word' id='word_1_167' title='bbox 485 2069 607 2148; x_wconf 77' lang='lat' dir='ltr'><strong>maudpir</strong></span> <span class='ocrx_word' id='word_1_168' title='bbox 616 2069 762 2130; x_wconf 73' lang='lat' dir='ltr'><strong>uudulotie.</strong></span> <span class='ocrx_word' id='word_1_169' title='bbox 784 2069 815 2127; x_wconf 83' lang='lat' dir='ltr'><strong>in</strong></span> <span class='ocrx_word' id='word_1_170' title='bbox 837 2067 943 2148; x_wconf 83' lang='lat' dir='ltr'><strong>scripto</strong></span> <span class='ocrx_word' id='word_1_171' title='bbox 957 2068 1094 2127; x_wconf 86' lang='lat' dir='ltr'><strong>Graeoob.</strong></span> <span class='ocrx_word' id='word_1_172' title='bbox 1108 2067 1126 2126; x_wconf 91' lang='lat' dir='ltr'><strong>l.</strong></span> <span class='ocrx_word' id='word_1_173' title='bbox 1141 2074 1163 2134; x_wconf 76' lang='lat'><strong>2</strong></span> <span class='ocrx_word' id='word_1_174' title='bbox 1176 2066 1254 2125; x_wconf 85' lang='lat' dir='ltr'><strong>&#39;l&#39;ur-</strong></span> 
     </span>
     <span class='ocr_line' id='line_1_23' title="bbox 145 2146 1254 2233; baseline -0.002 -21"><span class='ocrx_word' id='word_1_175' title='bbox 145 2171 221 2229; x_wconf 87' lang='lat' dir='ltr'><strong>cogr.</strong></span> <span class='ocrx_word' id='word_1_176' title='bbox 234 2171 269 2231; x_wconf 85' lang='lat' dir='ltr'><strong>p.</strong></span> <span class='ocrx_word' id='word_1_177' title='bbox 287 2155 362 2216; x_wconf 84' lang='lat'>108:</span> <span class='ocrx_word' id='word_1_178' title='bbox 381 2151 434 2214; x_wconf 80' lang='lat' dir='ltr'><strong>uui</strong></span> <span class='ocrx_word' id='word_1_179' title='bbox 451 2152 553 2232; x_wconf 76' lang='grc' dir='ltr'><strong><em>μονδῆ</em></strong></span> <span class='ocrx_word' id='word_1_180' title='bbox 572 2149 610 2233; x_wconf 77' lang='grc' dir='ltr'><strong>μὲ</strong></span> <span class='ocrx_word' id='word_1_181' title='bbox 629 2148 701 2226; x_wconf 71' lang='lat' dir='ltr'><strong>rotie</strong></span> <span class='ocrx_word' id='word_1_182' title='bbox 720 2146 886 2232; x_wconf 74' lang='grc' dir='ltr'><strong><em>ποταμούς.</em></strong></span> <span class='ocrx_word' id='word_1_183' title='bbox 908 2153 1051 2233; x_wconf 81' lang='lat' dir='ltr'><strong>paudeiou</strong></span> <span class='ocrx_word' id='word_1_184' title='bbox 1060 2196 1071 2230; x_wconf 87' lang='lat'><em>,</em></span> <span class='ocrx_word' id='word_1_185' title='bbox 1091 2152 1184 2228; x_wconf 87' lang='lat' dir='ltr'><strong>inquit</strong></span> <span class='ocrx_word' id='word_1_186' title='bbox 1207 2151 1254 2211; x_wconf 90' lang='lat' dir='ltr'><strong>ille</strong></span> 
     </span>
     <span class='ocr_line' id='line_1_24' title="bbox 149 2231 1254 2319; baseline 0.004 -25"><span class='ocrx_word' id='word_1_187' title='bbox 149 2235 274 2294; x_wconf 82' lang='lat' dir='ltr'><strong>Graecus</strong></span> <span class='ocrx_word' id='word_1_188' title='bbox 290 2235 320 2294; x_wconf 91' lang='lat' dir='ltr'><strong>in</strong></span> <span class='ocrx_word' id='word_1_189' title='bbox 338 2235 474 2314; x_wconf 79' lang='lat' dir='ltr'><strong>Tureogr.</strong></span> <span class='ocrx_word' id='word_1_190' title='bbox 487 2258 517 2318; x_wconf 84' lang='lat' dir='ltr'><strong>p.</strong></span> <span class='ocrx_word' id='word_1_191' title='bbox 534 2239 611 2319; x_wconf 84' lang='lat'><strong>189,</strong></span> <span class='ocrx_word' id='word_1_192' title='bbox 631 2232 796 2318; x_wconf 81' lang='lat' dir='ltr'><strong>ls&#39;youmoii</strong></span> <span class='ocrx_word' id='word_1_193' title='bbox 811 2235 898 2319; x_wconf 73' lang='grc' dir='ltr'><strong><em>φέρει</em></strong></span> <span class='ocrx_word' id='word_1_194' title='bbox 912 2231 1016 2302; x_wconf 58' lang='grc' dir='ltr'><strong><em>ἐπάνω</em></strong></span> <span class='ocrx_word' id='word_1_195' title='bbox 1031 2235 1050 2300; x_wconf 85' lang='lat' dir='ltr'><strong>o‘</strong></span> <span class='ocrx_word' id='word_1_196' title='bbox 1068 2231 1254 2319; x_wconf 76' lang='grc' dir='ltr'><strong>πατριάρχης</strong></span> 
     </span>
     <span class='ocr_line' id='line_1_25' title="bbox 150 2315 1253 2401; baseline 0 -19"><span class='ocrx_word' id='word_1_197' title='bbox 150 2315 222 2398; x_wconf 74' lang='grc' dir='ltr'>μετὰ</span> <span class='ocrx_word' id='word_1_198' title='bbox 235 2324 397 2401; x_wconf 77' lang='grc' dir='ltr'><strong><em>ποταμῶν,</em></strong></span> <span class='ocrx_word' id='word_1_199' title='bbox 419 2317 469 2384; x_wconf 77' lang='lat' dir='ltr'><strong>duni</strong></span> <span class='ocrx_word' id='word_1_200' title='bbox 494 2315 528 2384; x_wconf 81' lang='lat' dir='ltr'><strong>mi</strong></span> <span class='ocrx_word' id='word_1_201' title='bbox 545 2318 716 2384; x_wconf 75' lang='grc' dir='ltr'><strong>διδακτικόν</strong></span> <span class='ocrx_word' id='word_1_202' title='bbox 731 2315 878 2398; x_wconf 76' lang='grc' dir='ltr'><strong>ὀφείλειν.</strong></span> <span class='ocrx_word' id='word_1_203' title='bbox 900 2322 1001 2381; x_wconf 87' lang='lat' dir='ltr'><strong>dicitnr</strong></span> <span class='ocrx_word' id='word_1_204' title='bbox 1020 2340 1088 2399; x_wconf 86' lang='lat' dir='ltr'><strong>ergo</strong></span> <span class='ocrx_word' id='word_1_205' title='bbox 1105 2317 1253 2400; x_wconf 63' lang='lat' dir='ltr'><strong>prouder,</strong></span> 
     </span>
     <span class='ocr_line' id='line_1_26' title="bbox 150 2405 1253 2487; baseline -0.002 -21"><span class='ocrx_word' id='word_1_206' title='bbox 150 2407 312 2484; x_wconf 77' lang='lat' dir='ltr'><strong>poudeiou,</strong></span> <span class='ocrx_word' id='word_1_207' title='bbox 342 2407 445 2487; x_wconf 70' lang='lat' dir='ltr'><strong>pauori</strong></span> <span class='ocrx_word' id='word_1_208' title='bbox 465 2409 496 2469; x_wconf 83' lang='lat' dir='ltr'><strong>et</strong></span> <span class='ocrx_word' id='word_1_209' title='bbox 514 2407 657 2486; x_wconf 76' lang='lat' dir='ltr'><strong>pourton,</strong></span> <span class='ocrx_word' id='word_1_210' title='bbox 685 2425 703 2468; x_wconf 83' lang='lat' dir='ltr'><strong>u</strong></span> <span class='ocrx_word' id='word_1_211' title='bbox 724 2423 782 2481; x_wconf 90' lang='lat' dir='ltr'><strong>quo</strong></span> <span class='ocrx_word' id='word_1_212' title='bbox 798 2406 829 2464; x_wconf 88' lang='lat' dir='ltr'><strong>in</strong></span> <span class='ocrx_word' id='word_1_213' title='bbox 850 2405 989 2483; x_wconf 85' lang='lat' dir='ltr'><strong>Turcogr.</strong></span> <span class='ocrx_word' id='word_1_214' title='bbox 1007 2426 1036 2484; x_wconf 89' lang='lat' dir='ltr'><strong>p.</strong></span> <span class='ocrx_word' id='word_1_215' title='bbox 1062 2408 1123 2470; x_wconf 89' lang='lat'><strong>189</strong></span> <span class='ocrx_word' id='word_1_216' title='bbox 1137 2425 1253 2465; x_wconf 88' lang='lat' dir='ltr'><strong>numero</strong></span> 
     </span>
     <span class='ocr_line' id='line_1_27' title="bbox 149 2483 1254 2572; baseline 0.002 -22"><span class='ocrx_word' id='word_1_217' title='bbox 149 2489 335 2550; x_wconf 75' lang='lat' dir='ltr'><strong>multitudinis</strong></span> <span class='ocrx_word' id='word_1_218' title='bbox 352 2485 390 2552; x_wconf 78' lang='lat' dir='ltr'><strong>roi</strong></span> <span class='ocrx_word' id='word_1_219' title='bbox 412 2490 531 2572; x_wconf 76' lang='lat' dir='ltr'><strong>pomino</strong></span> <span class='ocrx_word' id='word_1_220' title='bbox 556 2514 572 2554; x_wconf 94' lang='lat' dir='ltr'><strong>o</strong></span> <span class='ocrx_word' id='word_1_221' title='bbox 611 2483 756 2572; x_wconf 75' lang='grc' dir='ltr'><strong><em>ἆρχιερεῖς</em></strong></span> <span class='ocrx_word' id='word_1_222' title='bbox 773 2491 907 2570; x_wconf 60' lang='lat' dir='ltr'><strong>§euroin</strong></span> <span class='ocrx_word' id='word_1_223' title='bbox 928 2492 972 2564; x_wconf 78' lang='grc' dir='ltr'><strong>εἰς</strong></span> <span class='ocrx_word' id='word_1_224' title='bbox 993 2486 1033 2554; x_wconf 79' lang='lat' dir='ltr'><strong>rui.</strong></span> <span class='ocrx_word' id='word_1_225' title='bbox 1055 2491 1165 2570; x_wconf 73' lang='lat' dir='ltr'><strong>pausia</strong></span> <span class='ocrx_word' id='word_1_226' title='bbox 1180 2486 1254 2563; x_wconf 69' lang='lat' dir='ltr'><strong>eoric</strong></span> 
     </span>
     <span class='ocr_line' id='line_1_28' title="bbox 149 2571 1254 2655; baseline -0.004 -19"><span class='ocrx_word' id='word_1_227' title='bbox 149 2571 303 2655; x_wconf 71' lang='lat' dir='ltr'><strong>monopode</strong></span> <span class='ocrx_word' id='word_1_228' title='bbox 317 2574 478 2650; x_wconf 70' lang='lat' dir='ltr'><strong>sonituum</strong></span> <span class='ocrx_word' id='word_1_229' title='bbox 490 2573 543 2638; x_wconf 81' lang='lat' dir='ltr'><strong>uui</strong></span> <span class='ocrx_word' id='word_1_230' title='bbox 557 2593 703 2655; x_wconf 78' lang='grc' dir='ltr'><strong><em>ασπροος.</em></strong></span> <span class='ocrx_word' id='word_1_231' title='bbox 720 2576 859 2653; x_wconf 66' lang='lat' dir='ltr'><strong>pontifices</strong></span> <span class='ocrx_word' id='word_1_232' title='bbox 871 2581 979 2651; x_wconf 74' lang='lat' dir='ltr'><strong>gestant</strong></span> <span class='ocrx_word' id='word_1_233' title='bbox 991 2579 1020 2633; x_wconf 84' lang='lat' dir='ltr'><strong>in</strong></span> <span class='ocrx_word' id='word_1_234' title='bbox 1038 2575 1134 2653; x_wconf 79' lang='lat' dir='ltr'><strong>palliis</strong></span> <span class='ocrx_word' id='word_1_235' title='bbox 1148 2577 1254 2654; x_wconf 70' lang='lat' dir='ltr'><strong>fluuios</strong></span> 
     </span>
     <span class='ocr_line' id='line_1_29' title="bbox 150 2657 1254 2740; baseline 0.002 -23"><span class='ocrx_word' id='word_1_236' title='bbox 150 2657 277 2740; x_wconf 85' lang='lat' dir='ltr'><strong>(limbos)</strong></span> <span class='ocrx_word' id='word_1_237' title='bbox 299 2664 430 2720; x_wconf 81' lang='lat' dir='ltr'><strong>coccineos</strong></span> <span class='ocrx_word' id='word_1_238' title='bbox 452 2667 477 2720; x_wconf 83' lang='lat' dir='ltr'><strong>et</strong></span> <span class='ocrx_word' id='word_1_239' title='bbox 495 2659 577 2724; x_wconf 76' lang='lat' dir='ltr'><strong>albor.</strong></span> <span class='ocrx_word' id='word_1_240' title='bbox 599 2659 763 2720; x_wconf 80' lang='lat' dir='ltr'><strong>Germaniae</strong></span> <span class='ocrx_word' id='word_1_241' title='bbox 779 2659 892 2732; x_wconf 64' lang='lat' dir='ltr'><strong>manet,</strong></span> <span class='ocrx_word' id='word_1_242' title='bbox 909 2679 927 2718; x_wconf 86' lang='lat' dir='ltr'><strong>a</strong></span> <span class='ocrx_word' id='word_1_243' title='bbox 944 2658 1051 2721; x_wconf 78' lang='lat' dir='ltr'><strong>Latine</strong></span> <span class='ocrx_word' id='word_1_244' title='bbox 1067 2660 1186 2718; x_wconf 77' lang='lat' dir='ltr'><strong>mantele.</strong></span> <span class='ocrx_word' id='word_1_245' title='bbox 1208 2664 1254 2719; x_wconf 89' lang='lat' dir='ltr'><strong>est</strong></span> 
     </span>
     <span class='ocr_line' id='line_1_30' title="bbox 149 2737 1255 2825; baseline 0 -22"><span class='ocrx_word' id='word_1_246' title='bbox 149 2749 243 2804; x_wconf 88' lang='lat' dir='ltr'><strong>antem</strong></span> <span class='ocrx_word' id='word_1_247' title='bbox 256 2737 395 2825; x_wconf 73' lang='grc' dir='ltr'><strong><em>μανδῦας</em></strong></span> <span class='ocrx_word' id='word_1_248' title='bbox 410 2745 502 2804; x_wconf 80' lang='lat' dir='ltr'><strong>forma</strong></span> <span class='ocrx_word' id='word_1_249' title='bbox 519 2743 615 2804; x_wconf 85' lang='lat' dir='ltr'><strong>similis</strong></span> <span class='ocrx_word' id='word_1_250' title='bbox 628 2745 655 2802; x_wconf 91' lang='lat' dir='ltr'><strong>ei</strong></span> <span class='ocrx_word' id='word_1_251' title='bbox 667 2745 739 2803; x_wconf 85' lang='lat' dir='ltr'><strong>vesti</strong></span> <span class='ocrx_word' id='word_1_252' title='bbox 753 2762 850 2802; x_wconf 86' lang='lat' dir='ltr'><strong>sacrae</strong></span> <span class='ocrx_word' id='word_1_253' title='bbox 864 2763 950 2820; x_wconf 90' lang='lat' dir='ltr'><strong>qnam</strong></span> <span class='ocrx_word' id='word_1_254' title='bbox 962 2744 1047 2821; x_wconf 85' lang='lat' dir='ltr'><strong>vulgo</strong></span> <span class='ocrx_word' id='word_1_255' title='bbox 1061 2763 1191 2802; x_wconf 88' lang='lat' dir='ltr'><strong>vocamus</strong></span> <span class='ocrx_word' id='word_1_256' title='bbox 1211 2750 1255 2805; x_wconf 78' lang='lat' dir='ltr'><strong>aio</strong></span> 
     </span>
     <span class='ocr_line' id='line_1_31' title="bbox 149 2827 1254 2911; baseline 0.004 -23"><span class='ocrx_word' id='word_1_257' title='bbox 149 2828 346 2900; x_wconf 77' lang='lat' dir='ltr'><strong>rauobmantel3</strong></span> <span class='ocrx_word' id='word_1_258' title='bbox 367 2835 398 2888; x_wconf 90' lang='lat' dir='ltr'><strong>et</strong></span> <span class='ocrx_word' id='word_1_259' title='bbox 411 2848 468 2905; x_wconf 86' lang='lat' dir='ltr'><strong>qua</strong></span> <span class='ocrx_word' id='word_1_260' title='bbox 481 2830 543 2908; x_wconf 86' lang='lat' dir='ltr'><strong>ipse</strong></span> <span class='ocrx_word' id='word_1_261' title='bbox 559 2831 712 2911; x_wconf 87' lang='lat' dir='ltr'><strong>imperator</strong></span> <span class='ocrx_word' id='word_1_262' title='bbox 727 2827 874 2889; x_wconf 83' lang='lat' dir='ltr'><strong>Romanus</strong></span> <span class='ocrx_word' id='word_1_263' title='bbox 892 2829 984 2890; x_wconf 82' lang='lat' dir='ltr'><strong>adbuc</strong></span> <span class='ocrx_word' id='word_1_264' title='bbox 996 2830 1026 2886; x_wconf 88' lang='lat' dir='ltr'><strong>iu</strong></span> <span class='ocrx_word' id='word_1_265' title='bbox 1039 2829 1254 2906; x_wconf 78' lang='lat' dir='ltr'><strong>inauguratione</strong></span> 
     </span>
     <span class='ocr_line' id='line_1_32' title="bbox 148 2913 1253 2994; baseline 0 -22"><span class='ocrx_word' id='word_1_266' title='bbox 148 2914 276 2993; x_wconf 76' lang='lat' dir='ltr'><strong>insigniri</strong></span> <span class='ocrx_word' id='word_1_267' title='bbox 299 2920 329 2972; x_wconf 91' lang='lat' dir='ltr'><strong>et</strong></span> <span class='ocrx_word' id='word_1_268' title='bbox 348 2915 428 2994; x_wconf 82' lang='lat' dir='ltr'><strong>pingi</strong></span> <span class='ocrx_word' id='word_1_269' title='bbox 454 2915 529 2974; x_wconf 88' lang='lat' dir='ltr'><strong>solet</strong></span> <span class='ocrx_word' id='word_1_270' title='bbox 553 2933 666 2992; x_wconf 90' lang='lat' dir='ltr'><strong>qnoque</strong></span> <span class='ocrx_word' id='word_1_271' title='bbox 688 2933 752 2973; x_wconf 89' lang='lat' dir='ltr'><strong>oum</strong></span> <span class='ocrx_word' id='word_1_272' title='bbox 778 2913 952 2974; x_wconf 84' lang='lat' dir='ltr'><strong>electoribus.</strong></span> <span class='ocrx_word' id='word_1_273' title='bbox 987 2915 1102 2974; x_wconf 87' lang='lat' dir='ltr'><strong>Simeon</strong></span> <span class='ocrx_word' id='word_1_274' title='bbox 1117 2915 1253 2992; x_wconf 87' lang='lat' dir='ltr'><strong>magister</strong></span> 
     </span>
     <span class='ocr_line' id='line_1_33' title="bbox 150 2993 1253 3079; baseline 0 -23"><span class='ocrx_word' id='word_1_275' title='bbox 150 2999 304 3058; x_wconf 88' lang='lat' dir='ltr'><strong>officiorum</strong></span> <span class='ocrx_word' id='word_1_276' title='bbox 317 3000 346 3056; x_wconf 90' lang='lat' dir='ltr'><strong>in</strong></span> <span class='ocrx_word' id='word_1_277' title='bbox 361 2999 505 3059; x_wconf 80' lang='lat' dir='ltr'><strong>Pandente</strong></span> <span class='ocrx_word' id='word_1_278' title='bbox 523 3000 632 3060; x_wconf 87' lang='lat' dir='ltr'><strong>Hister.</strong></span> <span class='ocrx_word' id='word_1_279' title='bbox 674 2999 810 3059; x_wconf 87' lang='lat' dir='ltr'><strong>Turoioae</strong></span> <span class='ocrx_word' id='word_1_280' title='bbox 831 3019 854 3058; x_wconf 79' lang='lat' dir='ltr'><strong>a</strong></span> <span class='ocrx_word' id='word_1_281' title='bbox 882 3001 942 3062; x_wconf 84' lang='lat'><strong>199</strong></span> <span class='ocrx_word' id='word_1_282' title='bbox 965 2993 1141 3079; x_wconf 78' lang='grc' dir='ltr'><strong>δικητήσιον</strong></span> <span class='ocrx_word' id='word_1_283' title='bbox 1154 3005 1253 3073; x_wconf 78' lang='lat' dir='ltr'><strong>voeat3</strong></span> 
     </span>
     <span class='ocr_line' id='line_1_34' title="bbox 151 3077 1252 3165; baseline 0.002 -23"><span class='ocrx_word' id='word_1_284' title='bbox 151 3085 229 3162; x_wconf 92' lang='lat' dir='ltr'><strong>quod</strong></span> <span class='ocrx_word' id='word_1_285' title='bbox 243 3083 345 3141; x_wconf 83' lang='lat' dir='ltr'><strong>Graeci</strong></span> <span class='ocrx_word' id='word_1_286' title='bbox 358 3086 452 3165; x_wconf 86' lang='lat' dir='ltr'><strong>rogati</strong></span> <span class='ocrx_word' id='word_1_287' title='bbox 472 3087 508 3146; x_wconf 87' lang='lat' dir='ltr'><strong>ab</strong></span> <span class='ocrx_word' id='word_1_288' title='bbox 532 3091 647 3147; x_wconf 80' lang='lat' dir='ltr'><strong>auctore</strong></span> <span class='ocrx_word' id='word_1_289' title='bbox 666 3083 827 3145; x_wconf 87' lang='lat' dir='ltr'><strong>Pandeetae</strong></span> <span class='ocrx_word' id='word_1_290' title='bbox 850 3084 1108 3165; x_wconf 74' lang='lat' dir='ltr'><strong>interpretabantur</strong></span> <span class='ocrx_word' id='word_1_291' title='bbox 1121 3077 1252 3162; x_wconf 68' lang='lat' dir='ltr'><strong>tarpeiu-</strong></span> 
     </span>
     <span class='ocr_line' id='line_1_35' title="bbox 150 3163 1251 3250; baseline -0.001 -21"><span class='ocrx_word' id='word_1_292' title='bbox 150 3169 242 3243; x_wconf 82' lang='lat' dir='ltr'><strong>duou,</strong></span> <span class='ocrx_word' id='word_1_293' title='bbox 264 3169 346 3245; x_wconf 86' lang='lat' dir='ltr'><strong>quasi</strong></span> <span class='ocrx_word' id='word_1_294' title='bbox 359 3170 435 3228; x_wconf 87' lang='lat' dir='ltr'><strong>dieas</strong></span> <span class='ocrx_word' id='word_1_295' title='bbox 448 3169 687 3250; x_wconf 78' lang='lat' dir='ltr'><strong>eupmmantellum.</strong></span> <span class='ocrx_word' id='word_1_296' title='bbox 711 3171 786 3228; x_wconf 85' lang='lat' dir='ltr'><strong>forte</strong></span> <span class='ocrx_word' id='word_1_297' title='bbox 800 3163 976 3249; x_wconf 76' lang='grc' dir='ltr'><strong>δικητήοιον</strong></span> <span class='ocrx_word' id='word_1_298' title='bbox 996 3164 1078 3247; x_wconf 74' lang='grc' dir='ltr'><strong><em>παρὰ</em></strong></span> <span class='ocrx_word' id='word_1_299' title='bbox 1090 3164 1147 3245; x_wconf 70' lang='grc' dir='ltr'><strong>τήν</strong></span> <span class='ocrx_word' id='word_1_300' title='bbox 1160 3169 1251 3244; x_wconf 81' lang='grc' dir='ltr'><em>δίκην</em></span> 
     </span>
     <span class='ocr_line' id='line_1_36' title="bbox 150 3252 1353 3332; baseline 0 -22"><span class='ocrx_word' id='word_1_301' title='bbox 150 3252 310 3330; x_wconf 80' lang='lat' dir='ltr'><strong>derivatur,</strong></span> <span class='ocrx_word' id='word_1_302' title='bbox 331 3258 364 3315; x_wconf 88' lang='lat' dir='ltr'><strong>nt</strong></span> <span class='ocrx_word' id='word_1_303' title='bbox 382 3259 412 3316; x_wconf 89' lang='lat' dir='ltr'><strong>et</strong></span> <span class='ocrx_word' id='word_1_304' title='bbox 426 3254 609 3329; x_wconf 79' lang='grc' dir='ltr'><strong>δικονίκιον,</strong></span> <span class='ocrx_word' id='word_1_305' title='bbox 633 3254 710 3329; x_wconf 89' lang='lat' dir='ltr'><strong>quod</strong></span> <span class='ocrx_word' id='word_1_306' title='bbox 727 3254 834 3332; x_wconf 87' lang='lat' dir='ltr'><strong>imperii</strong></span> <span class='ocrx_word' id='word_1_307' title='bbox 855 3259 885 3312; x_wconf 89' lang='lat' dir='ltr'><strong>et</strong></span> <span class='ocrx_word' id='word_1_308' title='bbox 904 3254 1056 3332; x_wconf 84' lang='lat' dir='ltr'><strong>potestatis</strong></span> <span class='ocrx_word' id='word_1_309' title='bbox 1074 3253 1185 3330; x_wconf 87' lang='lat' dir='ltr'><strong>insigne</strong></span> <span class='ocrx_word' id='word_1_310' title='bbox 1203 3252 1251 3312; x_wconf 86' lang='lat' dir='ltr'><strong>sit.</strong></span> <span class='ocrx_word' id='word_1_311' title='bbox 1350 3279 1353 3289; x_wconf 93' lang='lat'>·</span> 
     </span>
     <span class='ocr_line' id='line_1_37' title="bbox 149 3336 1252 3418; baseline -0.001 -23"><span class='ocrx_word' id='word_1_312' title='bbox 149 3343 268 3414; x_wconf 90' lang='lat' dir='ltr'><strong>eratque</strong></span> <span class='ocrx_word' id='word_1_313' title='bbox 280 3339 366 3396; x_wconf 85' lang='lat' dir='ltr'><strong>vestis</strong></span> <span class='ocrx_word' id='word_1_314' title='bbox 387 3337 455 3402; x_wconf 86' lang='lat' dir='ltr'><strong>haec</strong></span> <span class='ocrx_word' id='word_1_315' title='bbox 470 3343 529 3398; x_wconf 91' lang='lat' dir='ltr'><strong>tam</strong></span> <span class='ocrx_word' id='word_1_316' title='bbox 542 3338 755 3416; x_wconf 86' lang='lat' dir='ltr'><strong>imperatoribus</strong></span> <span class='ocrx_word' id='word_1_317' title='bbox 773 3357 858 3417; x_wconf 88' lang='lat' dir='ltr'><strong>quam</strong></span> <span class='ocrx_word' id='word_1_318' title='bbox 870 3337 1034 3418; x_wconf 83' lang='lat' dir='ltr'><strong>patriarchis</strong></span> <span class='ocrx_word' id='word_1_319' title='bbox 1050 3336 1166 3413; x_wconf 87' lang='lat' dir='ltr'><strong>aliisque</strong></span> <span class='ocrx_word' id='word_1_320' title='bbox 1179 3357 1252 3418; x_wconf 88' lang='lat' dir='ltr'><strong>pon-</strong></span> 
     </span>
     <span class='ocr_line' id='line_1_38' title="bbox 149 3421 1253 3504; baseline 0 -22"><span class='ocrx_word' id='word_1_321' title='bbox 149 3423 270 3482; x_wconf 86' lang='lat' dir='ltr'><strong>tificibus</strong></span> <span class='ocrx_word' id='word_1_322' title='bbox 283 3425 452 3501; x_wconf 88' lang='lat' dir='ltr'><strong>communis,</strong></span> <span class='ocrx_word' id='word_1_323' title='bbox 473 3429 505 3483; x_wconf 90' lang='lat' dir='ltr'><strong>ut</strong></span> <span class='ocrx_word' id='word_1_324' title='bbox 526 3443 561 3484; x_wconf 84' lang='lat' dir='ltr'><strong>ex</strong></span> <span class='ocrx_word' id='word_1_325' title='bbox 580 3423 755 3504; x_wconf 87' lang='lat' dir='ltr'><strong>Curopalata</strong></span> <span class='ocrx_word' id='word_1_326' title='bbox 768 3428 799 3480; x_wconf 88' lang='lat' dir='ltr'><strong>et</strong></span> <span class='ocrx_word' id='word_1_327' title='bbox 818 3421 1025 3499; x_wconf 86' lang='lat' dir='ltr'><strong>Turoograeeia</strong></span> <span class='ocrx_word' id='word_1_328' title='bbox 1049 3427 1176 3495; x_wconf 82' lang='lat' dir='ltr'><strong>constat3</strong></span> <span class='ocrx_word' id='word_1_329' title='bbox 1201 3441 1253 3482; x_wconf 89' lang='lat' dir='ltr'><strong>nee</strong></span> 
     </span>
     <span class='ocr_line' id='line_1_39' title="bbox 150 3505 1253 3586; baseline 0.001 -22"><span class='ocrx_word' id='word_1_330' title='bbox 150 3508 220 3565; x_wconf 84' lang='lat' dir='ltr'><strong>setis</strong></span> <span class='ocrx_word' id='word_1_331' title='bbox 241 3512 309 3584; x_wconf 87' lang='lat' dir='ltr'><strong>apte</strong></span> <span class='ocrx_word' id='word_1_332' title='bbox 328 3508 446 3569; x_wconf 85' lang='lat' dir='ltr'><strong>vertitur</strong></span> <span class='ocrx_word' id='word_1_333' title='bbox 469 3509 704 3586; x_wconf 74' lang='lat' dir='ltr'><strong>paludamentum,</strong></span> <span class='ocrx_word' id='word_1_334' title='bbox 731 3512 765 3566; x_wconf 89' lang='lat' dir='ltr'><strong>ut</strong></span> <span class='ocrx_word' id='word_1_335' title='bbox 794 3508 923 3584; x_wconf 85' lang='lat' dir='ltr'><strong>agnoseit</strong></span> <span class='ocrx_word' id='word_1_336' title='bbox 948 3509 1034 3568; x_wconf 84' lang='lat' dir='ltr'><strong>etiam</strong></span> <span class='ocrx_word' id='word_1_337' title='bbox 1056 3505 1253 3586; x_wconf 84' lang='lat' dir='ltr'><strong>Leunclavins,</strong></span> 
     </span>
     <span class='ocr_line' id='line_1_40' title="bbox 150 3585 1253 3673; baseline 0.004 -25"><span class='ocrx_word' id='word_1_338' title='bbox 150 3611 214 3652; x_wconf 87' lang='lat' dir='ltr'><strong>eum</strong></span> <span class='ocrx_word' id='word_1_339' title='bbox 233 3610 288 3650; x_wconf 85' lang='lat' dir='ltr'><strong>vox</strong></span> <span class='ocrx_word' id='word_1_340' title='bbox 306 3587 375 3656; x_wconf 83' lang='lat' dir='ltr'><strong>liaeo</strong></span> <span class='ocrx_word' id='word_1_341' title='bbox 398 3593 544 3654; x_wconf 81' lang='lat' dir='ltr'><strong>militarent</strong></span> <span class='ocrx_word' id='word_1_342' title='bbox 571 3599 679 3656; x_wconf 84' lang='lat' dir='ltr'><strong>vestem</strong></span> <span class='ocrx_word' id='word_1_343' title='bbox 710 3591 864 3671; x_wconf 67' lang='lat' dir='ltr'><strong>signiam,</strong></span> <span class='ocrx_word' id='word_1_344' title='bbox 892 3585 1029 3673; x_wconf 70' lang='lat' dir='ltr'><strong>pandiae</strong></span> <span class='ocrx_word' id='word_1_345' title='bbox 1049 3599 1144 3651; x_wconf 90' lang='lat' dir='ltr'><strong>antem</strong></span> <span class='ocrx_word' id='word_1_346' title='bbox 1168 3593 1253 3652; x_wconf 88' lang='lat' dir='ltr'><strong>etiam</strong></span> 
     </span>
     <span class='ocr_line' id='line_1_41' title="bbox 150 3678 1253 3759; baseline 0.003 -26"><span class='ocrx_word' id='word_1_347' title='bbox 150 3681 231 3734; x_wconf 87' lang='lat' dir='ltr'><strong>extra</strong></span> <span class='ocrx_word' id='word_1_348' title='bbox 253 3684 346 3736; x_wconf 82' lang='lat' dir='ltr'><strong>castra</strong></span> <span class='ocrx_word' id='word_1_349' title='bbox 365 3678 469 3759; x_wconf 87' lang='lat' dir='ltr'><strong>gestari</strong></span> <span class='ocrx_word' id='word_1_350' title='bbox 491 3679 682 3752; x_wconf 76' lang='lat' dir='ltr'><strong>consueverit3</strong></span> <span class='ocrx_word' id='word_1_351' title='bbox 702 3696 755 3740; x_wconf 85' lang='lat' dir='ltr'><strong>neo</strong></span> <span class='ocrx_word' id='word_1_352' title='bbox 776 3679 812 3736; x_wconf 92' lang='lat' dir='ltr'><strong>ab</strong></span> <span class='ocrx_word' id='word_1_353' title='bbox 833 3678 1001 3755; x_wconf 78' lang='lat' dir='ltr'><strong>imperatore</strong></span> <span class='ocrx_word' id='word_1_354' title='bbox 1019 3683 1132 3736; x_wconf 74' lang='lat' dir='ltr'><strong>tantm</strong></span> <span class='ocrx_word' id='word_1_355' title='bbox 1153 3679 1205 3737; x_wconf 88' lang='lat' dir='ltr'><strong>sed</strong></span> <span class='ocrx_word' id='word_1_356' title='bbox 1222 3684 1253 3736; x_wconf 87' lang='lat' dir='ltr'><strong>et</strong></span> 
     </span>
     <span class='ocr_line' id='line_1_42' title="bbox 150 3759 1252 3844; baseline 0.004 -26"><span class='ocrx_word' id='word_1_357' title='bbox 150 3760 186 3819; x_wconf 91' lang='lat' dir='ltr'><strong>ab</strong></span> <span class='ocrx_word' id='word_1_358' title='bbox 205 3759 336 3822; x_wconf 78' lang='lat' dir='ltr'><strong>ecelesiae</strong></span> <span class='ocrx_word' id='word_1_359' title='bbox 355 3763 546 3842; x_wconf 87' lang='lat' dir='ltr'><strong>praesulibus,</strong></span> <span class='ocrx_word' id='word_1_360' title='bbox 567 3764 668 3842; x_wconf 89' lang='lat' dir='ltr'><strong>quibus</strong></span> <span class='ocrx_word' id='word_1_361' title='bbox 688 3763 906 3844; x_wconf 79' lang='lat' dir='ltr'><strong>paludamentum</strong></span> <span class='ocrx_word' id='word_1_362' title='bbox 927 3768 995 3841; x_wconf 88' lang='lat' dir='ltr'><strong>apte</strong></span> <span class='ocrx_word' id='word_1_363' title='bbox 1017 3781 1099 3821; x_wconf 89' lang='lat' dir='ltr'><strong>nemo</strong></span> <span class='ocrx_word' id='word_1_364' title='bbox 1115 3763 1252 3822; x_wconf 86' lang='lat' dir='ltr'><strong>tribuerit.</strong></span> 
     </span>
     <span class='ocr_line' id='line_1_43' title="bbox 150 3845 1254 3928; baseline 0.001 -25"><span class='ocrx_word' id='word_1_365' title='bbox 150 3851 180 3904; x_wconf 88' lang='lat' dir='ltr'><strong>et</strong></span> <span class='ocrx_word' id='word_1_366' title='bbox 193 3845 264 3904; x_wconf 84' lang='lat' dir='ltr'><strong>haee</strong></span> <span class='ocrx_word' id='word_1_367' title='bbox 277 3849 478 3908; x_wconf 87' lang='lat' dir='ltr'><strong>accommodari</strong></span> <span class='ocrx_word' id='word_1_368' title='bbox 495 3856 616 3928; x_wconf 88' lang='lat' dir='ltr'><strong>possunt</strong></span> <span class='ocrx_word' id='word_1_369' title='bbox 630 3850 668 3909; x_wconf 92' lang='lat' dir='ltr'><strong>ad</strong></span> <span class='ocrx_word' id='word_1_370' title='bbox 681 3849 759 3910; x_wconf 88' lang='lat' dir='ltr'><strong>van&#39;a</strong></span> <span class='ocrx_word' id='word_1_371' title='bbox 770 3847 833 3905; x_wconf 88' lang='lat' dir='ltr'><strong>loca</strong></span> <span class='ocrx_word' id='word_1_372' title='bbox 850 3847 953 3905; x_wconf 85' lang='lat' dir='ltr'><strong>Cadini</strong></span> <span class='ocrx_word' id='word_1_373' title='bbox 967 3847 996 3905; x_wconf 92' lang='lat' dir='ltr'><strong>in</strong></span> <span class='ocrx_word' id='word_1_374' title='bbox 1012 3849 1113 3922; x_wconf 88' lang='lat' dir='ltr'><strong>quibus</strong></span> <span class='ocrx_word' id='word_1_375' title='bbox 1123 3849 1254 3925; x_wconf 78' lang='lat' dir='ltr'><strong>mandpoo</strong></span> 
     </span>
     <span class='ocr_line' id='line_1_44' title="bbox 151 3931 1253 4011; baseline 0.004 -25"><span class='ocrx_word' id='word_1_376' title='bbox 151 3931 321 3992; x_wconf 87' lang='lat' dir='ltr'><strong>mentionem</strong></span> <span class='ocrx_word' id='word_1_377' title='bbox 335 3934 411 3994; x_wconf 82' lang='lat' dir='ltr'><strong>facit.</strong></span> <span class='ocrx_word' id='word_1_378' title='bbox 440 3935 517 4011; x_wconf 90' lang='lat' dir='ltr'><strong>qnod</strong></span> <span class='ocrx_word' id='word_1_379' title='bbox 536 3933 631 3994; x_wconf 85' lang='lat' dir='ltr'><strong>lunius</strong></span> <span class='ocrx_word' id='word_1_380' title='bbox 653 3934 793 4010; x_wconf 82' lang='lat' dir='ltr'><strong>mandyae</strong></span> <span class='ocrx_word' id='word_1_381' title='bbox 813 3932 948 4008; x_wconf 88' lang='lat' dir='ltr'><strong>originem</strong></span> <span class='ocrx_word' id='word_1_382' title='bbox 970 3951 1005 3990; x_wconf 90' lang='lat' dir='ltr'><strong>ex</strong></span> <span class='ocrx_word' id='word_1_383' title='bbox 1024 3931 1138 3992; x_wconf 89' lang='lat' dir='ltr'><strong>Persica</strong></span> <span class='ocrx_word' id='word_1_384' title='bbox 1156 3933 1253 4008; x_wconf 89' lang='lat' dir='ltr'><strong>lingua</strong></span> 
     </span>
     <span class='ocr_line' id='line_1_45' title="bbox 152 4013 1252 4098; baseline 0.003 -28"><span class='ocrx_word' id='word_1_385' title='bbox 152 4013 266 4074; x_wconf 84' lang='lat' dir='ltr'><strong>deducit</strong></span> <span class='ocrx_word' id='word_1_386' title='bbox 279 4040 308 4098; x_wconf 88' lang='lat' dir='ltr'><strong>p.</strong></span> <span class='ocrx_word' id='word_1_387' title='bbox 327 4021 406 4097; x_wconf 81' lang='lat'><strong>336,</strong></span> <span class='ocrx_word' id='word_1_388' title='bbox 427 4019 456 4076; x_wconf 93' lang='lat' dir='ltr'><strong>id</strong></span> <span class='ocrx_word' id='word_1_389' title='bbox 474 4020 558 4098; x_wconf 80' lang='lat' dir='ltr'><strong>facit,</strong></span> <span class='ocrx_word' id='word_1_390' title='bbox 579 4019 694 4097; x_wconf 88' lang='lat' dir='ltr'><strong>opinor,</strong></span> <span class='ocrx_word' id='word_1_391' title='bbox 713 4023 746 4076; x_wconf 93' lang='lat' dir='ltr'><strong>nt</strong></span> <span class='ocrx_word' id='word_1_392' title='bbox 765 4016 893 4076; x_wconf 82' lang='lat' dir='ltr'><strong>Persicae</strong></span> <span class='ocrx_word' id='word_1_393' title='bbox 912 4017 1024 4094; x_wconf 90' lang='lat' dir='ltr'><strong>linguae</strong></span> <span class='ocrx_word' id='word_1_394' title='bbox 1042 4037 1100 4077; x_wconf 89' lang='lat' dir='ltr'><strong>non</strong></span> <span class='ocrx_word' id='word_1_395' title='bbox 1123 4017 1252 4093; x_wconf 86' lang='lat' dir='ltr'><strong>ignarum</strong></span> 
     </span>
     <span class='ocr_line' id='line_1_46' title="bbox 151 4099 1252 4182; baseline 0.003 -28"><span class='ocrx_word' id='word_1_396' title='bbox 151 4099 278 4160; x_wconf 87' lang='lat' dir='ltr'><strong>sciamus.</strong></span> <span class='ocrx_word' id='word_1_397' title='bbox 299 4102 384 4182; x_wconf 87' lang='lat' dir='ltr'><strong>longe</strong></span> <span class='ocrx_word' id='word_1_398' title='bbox 396 4103 503 4164; x_wconf 81' lang='lat' dir='ltr'><strong>facilins</strong></span> <span class='ocrx_word' id='word_1_399' title='bbox 522 4125 540 4164; x_wconf 86' lang='lat' dir='ltr'><strong>a</strong></span> <span class='ocrx_word' id='word_1_400' title='bbox 562 4102 667 4164; x_wconf 86' lang='lat' dir='ltr'><strong>Latino</strong></span> <span class='ocrx_word' id='word_1_401' title='bbox 685 4103 810 4162; x_wconf 77' lang='lat' dir='ltr'><strong>mamelb</strong></span> <span class='ocrx_word' id='word_1_402' title='bbox 822 4107 873 4160; x_wconf 87' lang='lat' dir='ltr'><strong>aut</strong></span> <span class='ocrx_word' id='word_1_403' title='bbox 894 4101 1061 4162; x_wconf 85' lang='lat' dir='ltr'><strong>Germanico</strong></span> <span class='ocrx_word' id='word_1_404' title='bbox 1083 4103 1181 4162; x_wconf 82' lang='lat' dir='ltr'><strong>montel</strong></span> <span class='ocrx_word' id='word_1_405' title='bbox 1202 4101 1252 4158; x_wconf 90' lang='lat' dir='ltr'><strong>de-</strong></span> 
     </span>
     <span class='ocr_line' id='line_1_47' title="bbox 153 4181 1251 4273; baseline 0.007 -35"><span class='ocrx_word' id='word_1_406' title='bbox 153 4183 286 4245; x_wconf 81' lang='lat' dir='ltr'><strong>duxisset.</strong></span> <span class='ocrx_word' id='word_1_407' title='bbox 305 4207 358 4248; x_wconf 89' lang='lat' dir='ltr'><strong>neo</strong></span> <span class='ocrx_word' id='word_1_408' title='bbox 378 4190 517 4250; x_wconf 88' lang='lat' dir='ltr'><strong>assentior</strong></span> <span class='ocrx_word' id='word_1_409' title='bbox 529 4189 668 4266; x_wconf 79' lang='lat' dir='ltr'><strong>Meursio‚</strong></span> <span class='ocrx_word' id='word_1_410' title='bbox 689 4188 737 4264; x_wconf 90' lang='lat' dir='ltr'><strong>qui</strong></span> <span class='ocrx_word' id='word_1_411' title='bbox 756 4188 798 4247; x_wconf 88' lang='lat' dir='ltr'><strong>ita</strong></span> <span class='ocrx_word' id='word_1_412' title='bbox 818 4186 903 4265; x_wconf 84' lang='lat' dir='ltr'><strong>legit,</strong></span> <span class='ocrx_word' id='word_1_413' title='bbox 924 4185 1079 4268; x_wconf 76' lang='grc' dir='ltr'><strong><em>ἐρχόμενοι</em></strong></span> <span class='ocrx_word' id='word_1_414' title='bbox 1097 4181 1169 4264; x_wconf 79' lang='lat' dir='ltr'><strong>perui</strong></span> <span class='ocrx_word' id='word_1_415' title='bbox 1181 4189 1251 4273; x_wconf 25' lang='lat' dir='ltr'><strong>xenio</strong></span> 
     </span>
     <span class='ocr_line' id='line_1_48' title="bbox 153 4260 1250 4360; baseline 0.002 -30"><span class='ocrx_word' id='word_1_416' title='bbox 153 4260 281 4346; x_wconf 65' lang='grc' dir='ltr'><strong>ἐχόντων</strong></span> <span class='ocrx_word' id='word_1_417' title='bbox 294 4269 433 4356; x_wconf 69' lang='lat' dir='ltr'><strong>paudum</strong></span> <span class='ocrx_word' id='word_1_418' title='bbox 446 4271 483 4359; x_wconf 77' lang='lat' dir='ltr'><strong>pi</strong></span> <span class='ocrx_word' id='word_1_419' title='bbox 503 4267 668 4360; x_wconf 76' lang='grc' dir='ltr'><strong><em>ποταμούς,</em></strong></span> <span class='ocrx_word' id='word_1_420' title='bbox 690 4292 755 4336; x_wconf 85' lang='lat' dir='ltr'><strong>uam</strong></span> <span class='ocrx_word' id='word_1_421' title='bbox 776 4291 876 4336; x_wconf 78' lang='lat' dir='ltr'><strong>senem</strong></span> <span class='ocrx_word' id='word_1_422' title='bbox 894 4279 984 4341; x_wconf 77' lang='lat' dir='ltr'><strong>esset:</strong></span> <span class='ocrx_word' id='word_1_423' title='bbox 1004 4274 1120 4354; x_wconf 80' lang='lat' dir='ltr'><strong>episcopi</strong></span> <span class='ocrx_word' id='word_1_424' title='bbox 1141 4273 1250 4332; x_wconf 78' lang='lat' dir='ltr'><strong>omniunt</strong></span> 
     </span>
    </p>
   </div>
   <div class='ocr_carea' id='block_1_7' title="bbox 0 0 1542 4867">
    <p class='ocr_par' dir='ltr' id='par_1_8' title="bbox 0 0 1542 4867">
     <span class='ocr_line' id='line_1_49' title="bbox 0 0 1542 4867; baseline 0 0"><span class='ocrx_word' id='word_1_425' title='bbox 0 0 1542 4867; x_wconf 95' lang='lat' dir='ltr'><strong> </strong></span> 
     </span>
    </p>
   </div>
  </div>
 </body>
</html>
