3075 4867
272 275 349 352 334
433 275 642 351 naussum
655 276 711 346 ET
728 275 862 347 noum
873 267 1211 346 COMMENTARIUS

268 444 364 522 mum,
384 447 413 504 et
431 460 504 520 quac
516 447 587 505 sunt
600 436 665 523 πρὸ
683 444 738 520 τῆς
758 436 952 523 τνροφοὶγοο,
971 446 1008 499 et.
1016 439 1224 501 hebdomadem
1235 443 1292 522 τῆς
1304 443 1375 508 dca-

269 530 461 610 aasanolpoa
502 531 532 589 ia
548 532 585 588 tir
605 532 672 590 τοτ’τκ
694 527 838 600 edvium,
867 526 961 603 inquit
978 525 1146 605 Bdsamon,
1166 531 1234 608 caio
1253 532 1376 590 iciam

270 615 392 676 Annas
402 619 506 692 propter
524 611 674 676 Ninivitas.
715 614 744 671 iu
764 631 794 671 co
812 613 862 692 put
880 618 920 671 cst
938 618 1002 672 oruc
1020 614 1243 692 campanam,
1263 619 1290 674 et
1301 618 1331 676 in
1343 635 1377 674 eo

219 749 221 753 ,
272 703 322 778 qui
340 705 379 758 cst
397 704 459 757 oute
478 694 668 782 sopopoiyov‚
689 697 815 756 benefici
833 697 976 756 maditus
996 716 1124 775 maginem
1140 695 1268 759 ieiunitas
1286 698 1376 758 otra-

270 789 355 854 oants
376 783 510 842 hebdomas
527 785 615 843 autern
629 783 684 862 τῆς
698 783 930 862 διπκατνησίμου
945 787 1074 862 tropon
1089 785 1145 861 ipse
1158 801 1274 860 magras
1287 784 1376 843 aas·

270 871 347 928 κίτκτ
369 865 531 949 (paschae)
559 868 615 928 dies
630 872 781 946 reputatur.
821 863 896 928 idem
924 868 1007 928 docet
1031 864 1200 926 Anastasius
1224 869 1376 949 episcopus

271 951 427 1012 Caesareae
443 951 721 1014 Palaestinae-tract.
742 953 780 1011 de
798 952 967 1028 Δήπίοκτίο,
988 952 1037 1011 ubi
1052 953 1128 1012 inter
1147 952 1340 1014 hebdomadas
1354 973 1375 1014 a

270 1039 374 1097 ieiunio
405 1036 489 1118 plane
517 1042 651 1117 exceptas
678 1037 759 1116 ponit
785 1033 841 1117 τὴν
871 1031 1025 1118 ἑβδομάδα
1052 1041 1108 1116 τῆς
1131 1037 1376 1118 διακατκρσίμοο.

271 1125 390 1181 eandem
413 1122 617 1182 hebdomadem
642 1123 715 1182 inter
739 1128 871 1203 exceptas
894 1127 1023 1181 numerat
1048 1119 1182 1182 Nicolaus
1215 1123 1377 1203 patriarcha

228 1282 231 1290 .
273 1207 441 1288 Cpolitanus
454 1210 484 1268 iu
496 1208 621 1268 versibus
634 1209 674 1268 ad
687 1205 868 1268 Anasmsium
881 1207 985 1267 montis
1003 1207 1082 1267 Sinai
1098 1208 1263 1281 antistitem

357 1292 531 1371 Rogationes
546 1294 692 1353 triduanae
708 1305 776 1353 ante
794 1293 984 1353 ascensionem
1002 1291 1108 1354 domiui
1126 1292 1243 1354 Graecis
1259 1294 1376 1372 ignotae

272 1386 358 1451 sunt3
376 1397 428 1437 nec
445 1379 501 1438 ulla
518 1379 624 1438 habent
637 1383 714 1438 stata
726 1378 829 1438 ieiunia
839 1379 913 1438 inter
926 1376 1031 1457 pascha
1043 1382 1074 1434 et
1087 1385 1280 1457 pentecostem
1320 1403 1377 1458 κη-

273 1464 357 1526 oreta
372 1460 428 1546 peip
444 1459 482 1527 ori
497 1461 672 1547 gippuinus,
694 1455 766 1534 odat
779 1465 980 1544 γοκοκλτσία,
994 1463 1086 1542 inquit
1102 1460 1235 1522 Nicotaus
1255 1465 1377 1543 patriar-

274 1543 329 1610 cha
345 1549 382 1608 de
402 1554 529 1628 tempore
550 1541 623 1608 inter
639 1547 745 1627 paseha
768 1553 799 1606 et
816 1553 1008 1627 pentecostem
1049 1547 1115 1606 vide
1128 1547 1269 1628 Typicum
1281 1551 1377 1610 Sabae

274 1653 300 1692 c
315 1633 364 1696 51.
405 1634 545 1693 consentit
559 1652 623 1692 cum
639 1632 682 1691 his
699 1633 804 1693 nostris
816 1633 991 1692 Glossarium
1009 1630 1299 1712 Graeco-barbarum,
1318 1635 1375 1693 nisi

276 1717 355 1794 quod
378 1719 461 1776 scribi
480 1713 558 1778 iubet
576 1719 803 1798 ὃτακατνίοτμος.
844 1718 898 1778 sed
916 1713 1030 1777 rituales
1055 1718 1120 1778 iibri
1138 1719 1305 1800 scripturam
1320 1739 1377 1780 no·

275 1809 364 1862 stram
381 1797 545 1882 plerumque
560 1799 731 1882 praeferunt.

359 1885 506 1948 Dominica
516 1889 589 1948 hanc
604 1883 809 1949 hebdomadem
822 1884 1014 1968 subsequens,
1040 1907 1113 1968 quae
1128 1886 1210 1949 nobis
1223 1894 1269 1947 est
1284 1887 1375 1948 dorni⁴

254 2033 257 2040 Α
274 1973 337 2030 nica
350 1973 380 2031 in
398 1973 484 2052 albis,
508 1975 623 2034 Graecis
638 1979 684 2034 cst
699 1966 827 2052 κατκὴἢ
842 1971 897 2034 ata
912 1967 1059 2056 κορτοκή,
1084 1974 1313 2049 anabusnim,
1344 1973 1375 2034 ἰιι

262 2075 360 2143 Ιτριτοοτ
373 2065 467 2118 exstat
483 2061 572 2119 oratio
584 2061 615 2118 S.
630 2059 759 2137 Gregorii
771 2051 963 2139 Nazianzeni,
983 2066 1014 2118 et
1031 2065 1076 2119 est
1095 2061 1186 2120 oratio
1209 2057 1259 2122 43.
1300 2059 1376 2117 eius-

274 2139 340 2202 dem
352 2145 457 2205 mentio
470 2144 503 2203 fit
517 2145 547 2202 in
559 2162 666 2204 canone
682 2147 722 2208 66
743 2138 888 2202 Trrdlano.
929 2150 1046 2204 vocatur
1066 2145 1152 2204 ctiam
1175 2139 1304 2224 avorsari
1318 2147 1378 2206 sori

183 2275 185 2279 ,
275 2220 459 2307 α’νττπάσχα,
481 2231 561 2305 quasi
578 2231 710 2290 daniaco
728 2227 846 2307 paschae
865 2233 983 2306 ορροτίτα
1003 2246 1059 2289 serr
1071 2229 1241 2308 respondeas,
1268 2233 1298 2287 et
1321 2252 1376 2290 κο-

275 2309 365 2393 ρτακή
393 2315 449 2376 τοῦ
479 2317 574 2393 &apsi
600 2333 651 2372 seu
675 2306 854 2392 ψηλάφηστς
875 2317 932 2373 τοῦ
953 2311 975 2375 οἱ
993 2314 1042 2376 inv
1066 2310 1136 2377 tvai
1155 2337 1190 2379 ου
1209 2309 1375 2376 ἀποστόλου

276 2399 389 2478 daupei,
421 2391 498 2474 quod
516 2417 549 2457 eo
573 2399 617 2457 die
636 2396 746 2476 legatur
765 2394 940 2474 evangelium
960 2337 997 2458 db
1014 2392 1129 2460 Thema
1147 2397 1296 2479 apostolo,
1316 2418 1375 2458 ma-

270 2501 343 2542 num
359 2501 440 2543 suam
454 2483 484 2543 iu
500 2479 616 2543 fixuram
628 2483 786 2561 clavorum,
806 2476 912 2541 Christi
930 2486 1083 2563 mandato,
1103 2482 1280 2544 immittente.

344 2597 381 2650 ib.
395 2615 423 2655 v.
435 2598 462 2654 5.
478 2598 529 2666 'eric
544 2592 687 2667 ἐκκλησίας
700 2591 857 2665 ἀρχόντων]
874 2595 894 2648 ii
908 2600 969 2651 sunt
986 2597 1116 2667 praecipui
1133 2615 1240 2667 maguae
1250 2595 1375 2650 ecclminc

275 2663 400 2719 officiales
426 2683 457 2720 ac
481 2666 507 2719 iu
530 2667 654 2735 dignitate
677 2665 824 2730 constituti,
841 2681 906 2734 quos
929 2665 1008 2720 etiam
1025 2667 1102 2737 wigo
1125 2663 1177 2721 cori
1200 2663 1376 2736 πατριάρχου

274 2729 427 2804 σύγκλητον
445 2733 617 2806 patriarchae
633 2743 749 2790 senatum
767 2733 863 2790 dicunt.

346 2835 381 2887 ih.
399 2853 426 2890 v.
443 2837 484 2890 12.
501 2829 626 2906 adlapsi]
652 2837 792 2890 stationem
808 2852 826 2889 a
840 2835 987 2905 patriarcha
1008 2834 1166 2907 pronuntiari
1180 2835 1280 2892 solitam
1298 2852 1376 2905 repe-

277 2903 329 2956 ries
345 2902 371 2955 in
387 2901 570 2972 Enchologicis
587 2905 694 2957 nostris:
709 2893 806 2965 daciane
822 2899 893 2974 itan
910 2893 927 2956 d
944 2902 1116 2974 πατριάρχης
1133 2902 1174 2968 τίς
1187 2893 1239 2958 adn
1253 2901 1376 2976 βασιλέα,

277 2965 423 3040 ἐξαιρέτως
439 2966 471 3024 di
487 2973 523 3042 τῇ
538 2967 649 3043 πέμπτῃ
666 2974 716 3042 τῆς
732 2973 955 3041 διακαικησῳοο.

345 3073 381 3128 ih.
398 3091 423 3126 v.
439 3075 481 3128 18.
497 3064 581 3144 εὐχὴν
590 3065 724 3142 ἐπειπών]
740 3072 822 3126 oratio
833 3072 945 3126 secundo
956 3085 973 3126 a
986 3069 1133 3146 patriarcba
1144 3073 1276 3130 fundenda
1286 3074 1375 3130 eodm

277 3141 432 3213 Euchologii
446 3141 504 3196 loco
520 3142 647 3215 reperitur
662 3144 696 3196 ad
713 3141 809 3195 calcem
824 3142 918 3212 operia

223 3306 226 3309 .
361 3249 398 3309 ih.
416 3267 443 3308 v.
466 3253 515 3314 20.
547 3249 584 3309 de
608 3246 682 3308 festo
702 3253 880 3329 pentecostes
900 3243 964 3308 vide
984 3267 1058 3325 quae
1080 3249 1273 3328 scripsimush
1295 3253 1315 3316 1
1338 3249 1375 3308 de

274 3325 397 3394 festiae.
421 3337 472 3398 28.
521 3332 586 3394 olim
606 3335 636 3394 in
656 3336 730 3394 festo
751 3338 930 3414 pentecostes
948 3337 1090 3414 processio
1114 3335 1314 3395 instituebatur
1337 3336 1375 3392 ad

214 3491 215 3496 η
276 3419 412 3500 templum
427 3421 457 3479 S.
470 3416 555 3479 Mocii
565 3421 714 3498 marmus,
735 3421 779 3478 cui
791 3419 853 3500 ipse
866 3420 952 3478 etiam
969 3418 1121 3498 imperator
1138 3421 1281 3480 intererat
1323 3421 1374 3478 sed

164 3513 168 3524 '
274 3511 377 3583 postea
395 3505 532 3586 abrogata
546 3512 590 3564 est
602 3507 638 3564 ob
655 3525 767 3566 causam
786 3523 871 3581 quam
890 3511 1046 3564 memorant
1065 3506 1167 3566 Graeci
1183 3505 1325 3583 historici,
1345 3510 1375 3562 et

273 3589 305 3646 in
322 3590 367 3647 his
387 3590 491 3666 Glycas
510 3588 546 3647 de
568 3586 667 3653 Leone
690 3585 860 3669 philosopho
880 3590 1047 3668 imperatore
1067 3612 1096 3670 p.
1117 3593 1163 3649 ed.
1188 3589 1281 3649 Bonn.
1302 3587 1374 3653 554.

169 3697 192 3753 p
208 3693 260 3754 247
277 3691 365 3750 quare
384 3693 443 3734 non
465 3675 565 3734 minum
586 3677 610 3733 si
619 3673 749 3744 Codinus
764 3676 809 3733 die
824 3680 1001 3754 pentecostes
1013 3677 1073 3734 eius
1084 3675 1190 3736 nullam
1204 3675 1375 3735 mentionem

275 3760 360 3836 iacit,
381 3757 608 3836 quandoquidem
624 3761 680 3818 iam
697 3761 806 3840 pridem
818 3760 954 3837 abrogata
969 3762 1069 3821 fuerat
1247 3814 1252 3827 .

365 3834 527 3904 Proeleus'in
545 3863 596 3903 seu
617 3845 823 3924 processionem
835 3842 1010 3922 imperatoris
1030 3847 1076 3905 die
1093 3849 1272 3925 pentecostes
1290 3845 1328 3904 ad
1343 3843 1375 3902 S.

275 3929 412 4010 sophiam
430 3931 583 3990 admodum
594 3931 708 4007 festive,
729 3931 798 4006 quin
818 3935 848 3988 et
859 3931 974 3991 ridicule
986 3929 1118 3990 describit
1131 3928 1326 4010 Luitprandus
1344 3930 1374 3986 in

274 4035 327 4076 sua
348 4015 386 4074 ad
409 4013 599 4094 Nicephorum
622 4013 746 4076 Phocam
767 4010 924 4094 legatione,
953 4038 982 4095 p.
1008 4014 1177 4082 3471301111.
1219 4019 1272 4074 sed
1292 4013 1375 4073 Luit-

277 4100 404 4182 praudus
421 4100 547 4158 fortassis
562 4101 675 4162 sinistro
692 4120 744 4162 suo
763 4101 877 4160 aflectui
892 4101 923 4160 in
940 4101 1083 4179 Graecos,
1110 4119 1129 4160 a
1147 4099 1248 4177 quibus
1272 4100 1302 4158 in
1322 4099 1375 4157 hac

277 4189 401 4246 secunda
420 4205 472 4246 sua
497 4185 638 4263 legatione
658 4205 716 4250 non
736 4186 808 4246 bene
831 4184 944 4246 habitus
972 4187 1082 4263 iuerat,
1112 4185 1227 4245 nimium
1248 4183 1373 4244 indulsit

248 4338 252 4343 ,
278 4269 364 4353 longe
381 4272 462 4336 aliter
477 4271 603 4337 Codinus
626 4293 688 4336 cunr
707 4273 738 4334 in
761 4270 916 4354 bachim,
937 4277 997 4332 tum
1017 4273 1047 4334 in
1068 4270 1232 4360 Originibus
1245 4268 1373 4353 cpolita-
