3075 4867
516 298 563 367 lN
584 298 732 370 conlui
753 300 837 379 GbP.
860 300 938 373 XII.
1202 308 1277 381 325

174 457 291 535 quintae
304 454 488 521 hebdomadis
502 462 749 541 quadragesimalis
770 482 861 543 usque
880 466 919 525 ad
940 467 1092 528 secundam
1109 468 1208 531 teriam
1227 490 1276 549 pa-

172 544 295 622 schatis,
315 562 375 621 quo
394 546 440 618 die
460 547 634 607 referebatur
650 545 727 628 πρός
744 543 800 612 τᾶν
818 551 872 630 τῆς
893 545 1043 616 θεοτόκου
1055 548 1132 616 vodo
1149 552 1203 617 adv
1215 561 1280 620 aeia
1307 550 1310 553 ⁴

172 628 292 712 ὁδηγῶν
320 628 521 711 κεκλημένον,
549 638 582 691 ut
604 632 730 710 loquitur
753 634 882 695 Zonaras
903 637 934 695 in
959 638 1075 715 imperio
1098 638 1242 705 Michaelis
1263 640 1279 704 1
1369 638 1371 641 ’

173 712 343 795 Theophili,
369 716 415 775 eui
438 716 571 787 adiuncta
595 725 656 778 eret
684 715 764 798 μονή
783 739 834 779 seu
854 724 1054 781 monasterium
1066 727 1128 786 τοῖν
1145 722 1276 806 ὁδηγῶν,

172 806 207 859 ut
225 819 259 859 ex
282 797 443 879 Nicephoro
469 801 598 879 Gregora
616 802 635 865 l.
657 809 820 869 eeonstat:
841 806 906 865 bino
918 808 982 888 ipsa
995 809 1089 885 imago
1102 805 1277 887 ὅδηγήορια,

173 886 255 961 quasi
267 884 324 947 duo
337 888 416 961 vioe,
438 887 641 966 appellabatur.
683 908 737 949 neo
758 890 952 956 adducebatur
972 912 1006 968 er
1025 893 1131 971 templo
1144 893 1276 967 Blacher-

171 970 239 1047 nio,
255 974 288 1027 ut
302 975 387 1049 putat
400 970 580 1050 scholiastes,
599 974 652 1033 sed
673 992 707 1035 ex
723 975 829 1053 templo
846 983 877 1035 et
892 996 926 1035 ex
939 980 1111 1043 monasterio
1125 982 1187 1044 τοῖν
1201 979 1276 1060 οἰδη-
1376 976 1385 1000 ‘

171 1059 254 1137 poio,
275 1056 389 1131 quoda
402 1057 508 1135 templo
522 1058 686 1129 Blaubernio
701 1060 865 1120 (intinctum
879 1068 948 1122 erat

256 1141 316 1199 Sed
329 1140 437 1219 probat,
445 1143 474 1202 id
492 1163 526 1204 ex
542 1143 677 1221 gradibus
695 1145 827 1224 excelsis,
844 1148 881 1205 de
895 1148 998 1223 quibus
1011 1145 1186 1225 curopalate
1198 1168 1222 1210 c.
1235 1150 1275 1218 12

170 1230 202 1283 et
216 1243 240 1283 a
257 1225 319 1303 15,
340 1232 420 1304 mosi
431 1228 477 1290 itti
485 1228 590 1305 fueruat
603 1232 633 1291 tn
646 1230 740 1308 templo
751 1229 920 1292 Blaelrermb.
961 1237 993 1291 at
1006 1251 1106 1310 parum
1118 1233 1193 1292 valet
1205 1232 1277 1291 haee

170 1310 319 1387 probatio:
340 1329 407 1381 pam
420 1330 588 1389 quoeunque
600 1314 655 1374 iret
668 1314 838 1393 imperator,
857 1335 969 1395 sempor
980 1318 1018 1376 ad
1031 1317 1155 1377 excelsos
1168 1318 1275 1396 gradus

169 1413 263 1469 nsque
284 1395 476 1455 deducebatur
497 1416 515 1457 a
534 1399 688 1476 Baraugis,
713 1406 745 1459 ut
763 1402 857 1476 inquit
879 1402 1052 1480 Curopalata
1072 1422 1096 1461 o
1120 1402 1167 1467 15.
1188 1422 1274 1481 opon
1290 1411 1314 1465 Ρ
1330 1411 1383 1467 242

170 1486 214 1539 tet
235 1499 304 1560 ergo
319 1478 385 1540 lios
398 1482 521 1551 eroelaos
533 1485 647 1560 ,gradus
668 1484 734 1543 alibi
747 1485 834 1545 fuisse
848 1504 932 1561 quam
946 1486 976 1545 in
989 1486 1155 1547 Blachernio
1168 1488 1276 1565 templo

169 1564 215 1623 vel
235 1565 265 1635 in
286 1564 332 1625 via
352 1565 389 1630 ad
408 1565 501 1637 sobam
513 1568 709 1629 Blachernium
723 1571 878 1649 templum,
897 1571 963 1649 quia
970 1570 1128 1650 imperator
1142 1591 1203 1642 non
1215 1573 1276 1632 ibat

169 1668 281 1729 semper
303 1650 341 1707 ad
362 1651 499 1731 templum
517 1652 730 1732 Blacherniunr‚
759 1660 789 1713 et
808 1656 982 1734 Cnropalata
1004 1657 1110 1715 diserte
1125 1658 1275 1734 distinguit

168 1734 222 1795 hos
237 1735 342 1811 gradun
358 1752 376 1795 u
394 1737 501 1817 templo
516 1738 700 1815 Bisaltarum,
724 1758 788 1797 cum
802 1740 877 1799 dieat
888 1741 1086 1819 imperatorem
1099 1743 1273 1817 equitantem

169 1838 282 1897 semper
302 1820 403 1879 deduci
424 1842 515 1899 usque
534 1825 572 1883 ad
591 1824 714 1882 excelsos
736 1826 859 1902 gradus,
885 1826 916 1884 in
939 1827 1014 1886 festo
1034 1832 1130 1885 autem
1142 1847 1274 1887 occursus

170 1904 254 1983 (seu,
275 1909 308 1961 ut
321 1923 373 1965 nos
385 1926 535 1986 vocamus,
556 1909 756 1989 purificationis
771 1910 799 1967 d.
810 1908 940 1989 virginis)
954 1912 1039 1969 etiam
1051 1930 1141 1986 usque
1154 1914 1192 1971 ad
1202 1918 1273 1970 tem-

170 1989 250 2069 plum
263 1988 493 2051 Blachernarum:
514 2013 580 2052 nam
590 1996 627 2053 ad
637 1995 692 2053 hoo
708 1994 844 2074 templum
856 1996 912 2056 hoo
924 1997 971 2055 die
988 1996 1031 2054 rei
1049 1998 1160 2055 divinae
1180 1994 1284 2073 gratia

169 2074 332 2133 conferebat
344 2095 376 2135 se
387 2078 547 2157 imperator.
1258 2113 1261 2121 ·

237 2171 521 2239 Magna'oontentione
544 2174 664 2228 dimicant
688 2176 774 2229 lunius
799 2179 827 2229 et
849 2176 991 2229 Gretseros
1015 2172 1080 2243 srael
1103 2175 1160 2229 τῶν
1181 2172 1272 2257 ‘upp-
1294 2218 1302 2238 χ
1375 2222 1380 2231 ,

168 2240 240 2308 λῶν,
265 2242 297 2293 de
320 2244 451 2323 gradibrm
475 2244 578 2295 meelate
604 2245 663 2311 GP,
684 2245 785 2298 ubinam
808 2243 966 2313 reponendii
998 2244 1043 2296 ille
1066 2244 1092 2297 ln
1117 2244 1270 2297 Blachermo

167 2309 279 2379 templo,
304 2310 344 2362 bre
367 2310 393 2364 in
416 2310 513 2380 palatio
537 2312 601 2373 sitos
624 2313 760 2371 oootendit.
781 2312 848 2367 iuter
869 2313 1054 2370 contendentes
1074 2313 1171 2366 arbiter
1187 2312 1272 2365 nentri

167 2378 239 2433 litem
258 2378 384 2446 integram
406 2378 549 2445 ιιΙίοάΙοο,Χ
562 2396 579 2431 a
603 2398 666 2433 vero
689 2381 812 2449 siquidem
835 2381 891 2434 raia
910 2376 1043 2451 Ὺψηλῶο
1064 2398 1142 2434 seusu
1166 2382 1271 2435 aberrat

168 2455 286 2517 uterque.
304 2448 392 2517 ecquis
408 2448 473 2501 enim
490 2448 516 2500 in
534 2449 582 2501 bac
598 2466 663 2503 voca
686 2450 782 2519 graden
803 2450 981 2519 intelligendos
998 2455 1086 2522 putet,
1106 2468 1138 2503 ao
1154 2466 1205 2503 nou
1222 2466 1273 2519 po-

168 2516 222 2569 tius
243 2515 370 2569 excelsum
395 2533 426 2569 ao
447 2518 554 2585 fastigio
577 2518 683 2571 sublime
704 2518 867 2571 aedificium?
893 2524 921 2571 at
944 2537 977 2571 na
997 2519 1070 2572 velut
1092 2519 1221 2572 eaecitaus
1243 2521 1272 2572 et

166 2584 275 2655 ignum
290 2583 368 2639 iudex
383 2585 452 2639 litem
469 2586 603 2652 dirimam,
628 2594 675 2640 ant
691 2586 778 2657 potius
795 2588 977 2640 andabatarum
993 2604 1064 2641 more
1087 2604 1143 2641 oum
1160 2593 1272 2655 utroque

189 2672 204 2707 u
242 2671 295 2719 em,
313 2653 390 2708 dubio
412 2662 498 2714 certus
522 2661 613 2709 suetam
635 2657 716 2711 lucem
739 2656 833 2709 afferat
854 2657 963 2709 Nicetes
985 2656 1076 2709 lsaaoii
1091 2656 1184 2725 Augeli
1201 2656 1220 2710 l.
1236 2656 1271 2709 22

166 2673 200 2777 ge
211 2739 290 2775 κνοοι
304 2718 338 2776 τὸ
354 2722 527 2789 παράθορον
543 2724 625 2793 (aliud
640 2723 769 2795 exemplar
785 2724 849 2811 legit
863 2719 917 2793 τὴν
933 2725 1056 2791 θυρίδα)
1073 2718 1105 2777 ἕο
1120 2728 1180 2787 τοῖς
1193 2724 1272 2793 βασι-

166 2792 252 2853 λείοις
272 2792 328 2846 eoin
345 2793 523 2865 Blogspvuv,
546 2790 586 2855 εἰς
607 2788 643 2845 τοὶ
665 2790 798 2860 λεγόμενα
822 2788 939 2861 Paioplai,
963 2788 1000 2846 δι’
1018 2783 1052 2862 ἧς
1068 2789 1159 2861 ὁρατὰ
1173 2782 1212 2861 ἦν
1227 2787 1269 2844 aot*

166 2857 313 2929 ἴππήλοιτοι
323 2860 407 2915 nediu
417 2856 453 2913 τοὶ
466 2858 573 2927 ἔξωθεν
583 2861 639 2915 τοῖο
656 2854 797 2925 ἐπάλξεων
807 2854 838 2913 lv
848 2866 909 2922 τοῖς
921 2862 1101 2925 dumnotinae
1109 2851 1270 2916 aenoand-

165 2930 262 2995 ζοοτοι.
281 2930 391 2983 observa
409 2923 445 2983 ed
458 2926 577 2999 ’Τψηίοἲ
595 2932 673 2985 altum
691 2929 835 2983 blauberuii
850 2930 940 3002 palatii
955 2930 1111 2998 aediticium,
1127 2930 1195 2983 unde
1208 2930 1273 2983 sub·

165 3000 236 3052 ieota
252 2998 450 3067 Philopatiensia
473 2998 594 3069 planities
615 2998 767 3069 detegatur,
791 3016 843 3052 non
862 3000 958 3068 gradus
975 2998 1139 3069 quantumvis
1154 2998 1271 3053 exoelsos

166 3066 297 3131 iudicare,
315 3066 402 3119 necin
421 3068 507 3121 maiori
524 3067 640 3137 palatio,
656 3084 708 3137 quo
720 3067 817 3121 soleret
831 3068 972 3139 imperator
984 3069 1092 3135 morari,
1108 3068 1173 3121 alios
1183 3067 1286 3121 excel-¹

165 3138 249 3193 aiores
272 3136 368 3203 gradus
391 3136 625 3191 comminiscendum
651 3154 706 3189 earn
732 3136 765 3189 ob
787 3152 855 3199 rem,
880 3155 937 3191 oum
952 3138 980 3190 in
996 3136 1145 3191 exhibendis
1160 3134 1271 3188 redden·

167 3206 262 3273 disque
279 3204 382 3258 honoris
400 3205 493 3261 ollioiis
508 3204 611 3275 longius
625 3222 727 3275 semper
748 3205 776 3257 in
794 3205 900 3259 deoessu
915 3205 1057 3260 dedumtur
1072 3205 1114 3258 vir
1129 3205 1271 3258 honoratus

167 3273 287 3397 poam-in
298 3289 408 3359 'aoomsp
425 3274 506 3327 eidem
522 3281 687 3360 occupatur,
704 3290 753 3357 par
765 3279 807 3327 est
823 3281 854 3328 ut
869 3276 891 3357 a}
906 3275 956 3356 prio
977 3269 1149 3357 ddoppprotoce
1165 3271 1270 3339 imagini

166 3341 662 3465 «111111111111101111
672 3342 1127 3478 lateranensium
1141 3342 1270 3471 ltili!

165 3477 271 3550 γόμενα
290 3475 402 3549 ‘nupto
432 3450 462 3533 1ο
487 3483 547 3543 τοῖς
575 3430 726 3551 paritate}
746 3480 804 3533 raia
827 3479 1003 3547 Βλαχερνοῖο,
1018 3450 1054 3532 ὀι
1078 3479 1146 3548 quod
1170 3479 1207 3533 ait
1229 3478 1271 3531 bio

166 3556 276 3615 auctor,
294 3543 373 3618 μέχρι
383 3544 431 3601 καὶ
445 3549 502 3602 τῶν
513 3544 658 3618 “Ῥψη1ο3ν,
676 3549 753 3617 longo
770 3550 830 3601 viae
844 3553 944 3612 tractu,
962 3548 1034 3601 ouius
1044 3547 1215 3602 accessionem
1229 3545 1269 3599 in-

166 3619 239 3673 dicat
254 3618 382 3689 particula
398 3616 464 3685 καί,
480 3617 513 3671 ad
530 3619 612 3671 looum
629 3636 720 3688 nempe
734 3613 847 3687 ’Τψηλᾶ
863 3624 999 3679 vocaturn,
1015 3634 1091 3687 quem
1105 3621 1198 3700 auotop
1213 3616 1272 3699 ipae

165 3686 194 3741 in
206 3687 357 3745 Blaobernio
368 3686 463 3807 palatio
475 3686 516 3739 vel
527 3686 560 3743 ad
570 3686 635 3741 illud
645 3687 718 3741 iuxta
729 3686 830 3759 reponit
841 3704 864 3739 o.
880 3687 922 3753 15,
939 3705 965 3758 p.
977 3690 1012 3742 80
1021 3704 1049 3740 v.
1063 3688 1104 3754 19,
1113 3686 1158 3739 ubi
1170 3691 1208 3739 art
1221 3701 1272 3738 rm-

187 3762 314 3809 eratoram
326 3755 358 3808 ad

165 3774 272 3890 litium,
288 3841 305 3879 a
320 3826 444 3893 Barangis
456 3824 548 3877 dedual
559 3820 638 3895 μέχρι
648 3826 704 3879 τῶν
716 3822 863 3894 ’Τψηλῶο,
880 3833 951 3878 certe
966 3841 1015 3877 non
1032 3824 1066 3878 ad
1082 3825 1197 3878 excelsos
1208 3839 1271 3892 gra-

167 3895 217 3948 dus
240 3894 295 3947 elus
321 3912 336 3946 a
359 3911 411 3962 quo
437 3895 524 3950 luerat
546 3911 667 3963 egressus
691 3893 793 3965 palatii,
814 3894 859 3947 sed
880 3895 914 3947 ad
929 3893 1082 3948 destinatum
1098 3894 1219 3957 alterius,
1236 3890 1271 3944 ad

168 3963 239 4035 quod
256 3962 391 4027 tendebat,
409 3965 500 4020 looum.

253 4034 337 4093 Adde
358 4036 436 4111 quod
458 4036 520 4115 ipso
541 4036 694 4116 imperator
714 4035 863 4113 baaginem
878 4035 1070 4113 Hodegetriae
1084 4035 1208 4093 secunda
1220 4048 1272 4109 pa-

167 4119 274 4179 schatis
296 4120 367 4179 feria
388 4122 427 4183 ad
448 4122 563 4200 propria
583 4126 768 4183 revertentem
790 4122 923 4200 prosequi
940 4120 1049 4182 solebat
1066 4118 1206 4196 usquead
1223 4133 1271 4173 ex·

170 4205 261 4265 oelsos
277 4206 399 4286 gratim,
418 4208 523 4269 imoet
536 4210 632 4283 extra,
653 4212 687 4265 ut
703 4206 772 4265 dieit
784 4206 958 4284 Curopalata
979 4226 1002 4266 a
1023 4207 1106 4283 1212.
1125 4205 1167 4263 72
1183 4202 1271 4262 v.10.

172 4309 224 4352 nec
238 4296 334 4357 tumen
347 4292 385 4353 ud
399 4292 533 4373 templum
548 4290 742 4355 Blachernium
758 4296 827 4353 tuno
839 4292 899 4351 ibat
910 4292 1070 4371 imperator.
1090 4290 1143 4347 sed
1156 4288 1275 4349 nonest

391 3755 564 3809 laobernarum
575 3756 709 3828 templum,
722 3758 763 3808 oui
774 3755 885 3809 vicinum
900 3762 958 3810 erat
978 3755 1090 3809 eiusdem
1104 3755 1211 3808 nominis
1222 3770 1271 3824 pa-
