3075 4867
513 313 926 386 lacunariorum.
1190 320 1267 390 303

158 482 222 562 bat,
244 474 519 547 Cautnntinarn'aero
532 482 590 545 carn
607 486 663 543 tarn
676 487 835 564 imperaret,
855 488 966 563 ipsaque
979 486 1060 543 etiarn
1080 481 1209 563 Eugaria
1228 486 1268 547 ad
1373 524 1377 530 ,

158 573 299 649 Augustae
315 572 434 630 hanaen
452 576 549 631 erecta
592 570 654 629 hinc
670 574 721 629 ieta
743 570 816 629 salar
832 578 891 629 erat
913 571 1168 650 porphyrogenitus,
1189 592 1265 653 wear

158 660 251 719 rtatim
264 659 346 718 edam
359 662 422 717 ante
434 656 500 717 alno
513 659 691 738 inperatoria
706 657 858 734 insignibar
870 661 1019 717 exornavit.

597 915 801 931 m-

410 1119 930 1252 ,canunru

243 1429 271 1489 p.
287 1404 327 1469 64
343 1426 369 1467 v.
386 1407 433 1469 19.
457 1356 592 1467 Festum
604 1408 790 1489 epiphaniae,
810 1409 864 1467 hoa
885 1411 931 1466 est
950 1406 1142 1487 apertion's,
1162 1403 1265 1461 dicitnr

156 1493 292 1571 Singulari
310 1513 427 1553 numero
444 1492 659 1578 ἡέπιφᾶνεια,
683 1500 785 1579 plurali
805 1516 922 1556 numero
943 1503 973 1555 et
994 1514 1098 1574 genere
1110 1501 1211 1553 neutro
1225 1489 1264 1554 roi

156 1576 335 1656 inseparata,
355 1580 423 1654 quin
446 1590 476 1641 et
492 1578 529 1644 roi
547 1582 704 1660 ἒπιφάνια.
748 1584 902 1659 aliquando
921 1580 958 1643 coi
981 1577 1165 1657 sabadona,
1194 1579 1263 1654 quia

156 1667 227 1723 deus
243 1664 384 1744 apparuit.
427 1669 559 1726 tribuitur
571 1668 626 1727 hoc
640 1688 742 1727 namen
761 1670 827 1728 huic
845 1671 920 1726 sesto
942 1665 974 1746 1)
995 1667 1063 1743 qrria
1083 1666 1212 1725 dominus
1226 1682 1263 1721 eo

156 1750 203 1809 die
217 1749 311 1826 Magis
324 1768 356 1806 se
370 1754 574 1829 manifestavit,
594 1751 628 1833 2)
643 1755 710 1829 quia
729 1756 864 1833 apparuit
885 1752 1059 1828 hominibus,
1080 1751 1195 1826 quando
1211 1748 1262 1806 ba-

156 1835 292 1913 ptismum
309 1852 344 1893 eo
365 1835 411 1893 die
431 1839 461 1896 in
482 1836 604 1897 Iordane
618 1858 636 1896 a
649 1838 755 1897 Ioanne
769 1839 911 1917 suscepit,
930 1833 965 1915 8)
979 1839 1056 1911 quod
1069 1855 1103 1894 co
1119 1836 1165 1892 die
1179 1834 1264 1891 Chri-

155 1924 219 1977 stus
246 1924 356 1977 mutata
386 1938 463 1997 aqua
489 1924 517 1980 in
546 1924 641 1981 vimun
660 1923 819 1981 hominibus
838 1942 870 1982 se
895 1922 1086 1980 manifestavit
1105 1920 1134 1977 in
1155 1920 1263 1997 nrrptiis

156 2004 258 2065 Canae
277 2004 444 2067 Galilaeae·
469 2005 575 2067 Latina
594 2008 711 2067 ecclesia
731 2028 828 2066 omnes
848 2008 901 2067 bas
917 2024 1017 2065 causas
1033 2006 1115 2063 huius
1140 2005 1196 2061 diei
1216 2022 1263 2061 se-

155 2089 271 2165 quitur,
291 2095 325 2148 ut
342 2097 425 2168 patet
448 2110 483 2153 ex
504 2088 647 2151 Breviario
667 2092 806 2153 Romano.
850 2093 951 2151 Graeci
974 2094 1078 2149 festum
1098 2090 1153 2148 hoc
1167 2087 1265 2147 colunt

155 2180 303 2317 {liiii
323 2174 1265 2340 l:stillicidis&hildilidbibiti}

155 2343 292 2407 Menaeis.
335 2346 366 2404 S.
392 2346 612 2423 chrysostomus
634 2348 727 2406 homil.
753 2350 790 2405 de
811 2345 960 2426 Baptismo
982 2346 1106 2405 Christi:
1134 2363 1213 2423 poan
1233 2342 1265 2399 ab

155 2448 266 2491 aaaron
283 2430 348 2488 baec
366 2430 548 2511 (solennitas)
566 2430 744 2509 lacaniano,
772 2432 826 2491 hoc
843 2437 888 2491 es't
901 2431 1063 2512 apparitio,
1091 2426 1265 2508 appellatur?

156 2517 224 2594 qaia
242 2518 366 2573 ramirans
382 2536 437 2575 non
452 2519 572 2577 omnibns
585 2518 742 2596 nonrj'erinr
752 2524 791 2575 ert
804 2517 942 2591 redditas,
964 2535 1024 2575 aaa
1041 2522 1125 2594 parta
1141 2520 1181 2573 ert
1201 2513 1263 2572 edi-

154 2607 216 2675 rue,
237 2600 282 2659 sed
301 2619 361 2659 cano
380 2607 419 2659 eat
440 2602 609 2680 baptisatus:
629 2622 691 2663 nam
706 2604 743 2661 ad
759 2604 829 2661 banc
845 2622 927 2681 nepe
940 2602 1008 2662 Man
1021 2601 1103 2677 uulgo
1111 2606 1171 2659 erat
1182 2602 1262 2675 r'gna-

155 2690 212 2746 terr.
251 2702 314 2743 narr
336 2688 503 2763 incognitum
520 2708 577 2747 earn
585 2688 675 2767 saissa
697 2688 795 2763 uulgo,
823 2707 906 2765 nepae
931 2692 1053 2765 animane
1071 2690 1137 2743 erret
1159 2684 1261 2762 pleror-

156 2788 208 2849 qae
223 2773 347 2844 scinr'sse,
369 2776 473 2829 aoratot
485 2791 519 2829 aa
535 2776 596 2832 iotis
614 2773 723 2831 Ioannis
741 2774 979 2849 baptistaeoerbis
998 2770 1077 2829 loan.
1095 2775 1129 2833 1:
1157 2769 1261 2827 medias

154 2860 270 2917 ranan
285 2859 377 2928 stetit,
394 2876 468 2933 quan
486 2876 532 2915 vor
547 2848 680 2916 aescitr‘sff’
722 2858 790 2934 qaid
804 2874 866 2915 aero
887 2860 1000 2927 aaran,
1022 2859 1048 2913 η’
1058 2854 1112 2913 abi
1123 2873 1176 2911 noa
1186 2872 1259 2911 aar·

155 2945 231 3011 rent,
252 2940 357 3018 wando
376 2941 453 3000 ittam
474 2944 555 3001 etiarn
575 2947 631 3021 ipae
651 2942 769 3021 baptista
792 2942 832 3001 ad
851 2960 909 3001 earn
924 2938 1085 3020 monadem
1097 2936 1259 3015 ι’,ςπυταόαίὲ

152 3022 202 3085 “et
219 3042 273 3101 ego
292 3026 450 3085 nesciebam
466 3019 555 3104 eum”,
573 3031 670 3105 inquit.
711 3025 832 3086 Latinos
846 3027 883 3085 ob
898 3026 1153 3086 manifestationem
1166 3022 1261 3099 MagIs

155 3110 261 3169 iactam
282 3110 342 3168 'hoc
362 3111 467 3169 festum
489 3112 567 3171 abire
590 3119 670 3191 patet
693 3130 729 3170 ex
753 3112 872 3171 homiliis
894 3132 933 3174 ss.
951 3117 1082 3190 patrum,
1110 3110 1141 3166 S.
1160 3106 1262 3183 Augu-

154 3195 239 3271 stini,
261 3194 290 3253 S.
304 3193 426 3273 Leonis,
448 3200 477 3255 S.
492 3196 608 3255 Maximi
622 3204 651 3256 et
670 3198 796 3256 aliorum.
837 3204 920 3276 patet
937 3196 1013 3254 idem
1033 3214 1069 3255 ex
1092 3193 1261 3251 Germanica

155 3279 347 3359 appellatione
361 3281 443 3339 huius
457 3283 537 3359 sesti,
560 3300 633 3357 quae
647 3288 692 3341 est
712 3282 798 3340 trium
817 3283 933 3358 regum,
954 3282 1002 3340 der
1013 3279 1128 3353 heiligen
1140 3277 1199 3335 drcr'
1212 3274 1261 3333 iri·

154 3369 204 3441 nig
219 3370 278 3441 lag.
322 3370 353 3423 et
367 3366 468 3443 legitur
483 3367 659 3443 evangelium
680 3366 710 3425 S.
733 3364 873 3424 Matthaei
894 3369 931 3425 de
955 3367 1080 3423 adventu
1100 3360 1260 3438 Magorum.

154 3468 209 3511 aec
228 3449 310 3511 aliter
328 3450 460 3510 haeretici
482 3458 542 3511 tarn
567 3453 596 3511 in
618 3452 924 3529 quotidianosermone
944 3468 1030 3525 qnam
1050 3449 1080 3507 in
1093 3446 1261 3506 calendariis

155 3535 215 3595 suis
229 3534 283 3593 lroc
295 3536 400 3595 festum
412 3538 579 3614 nominant,
600 3556 686 3613 quam
711 3538 757 3595 der
779 3536 893 3612 balager
914 3537 973 3595 drer'
989 3535 1072 3610 linig
1092 3539 1154 3608 tog.
1195 3532 1263 3589 inde

156 3620 243 3679 etiarn
261 3620 351 3695 liquet
373 3641 504 3683 numeras
520 3622 687 3700 Magorum,
708 3622 751 3679 dia
773 3620 871 3697 labier
890 3621 949 3681 atrei
966 3620 1065 3696 binah:
1084 3637 1143 3677 non
1159 3617 1261 3675 dicitur

157 3706 202 3765 die
215 3707 313 3783 beiliga
327 3710 385 3765 aior
398 3707 498 3784 linig,
516 3708 559 3767 die
576 3709 673 3783 bailr'ge
688 3724 775 3765 swaen
785 3706 877 3783 kinr'g.

165 3832 169 3841 ¹
240 3807 356 3866 Morosa
375 3810 529 3868 admodum
549 3812 586 3867 de
605 3808 720 3885 regibus
741 3808 853 3866 disserst
868 3805 1056 3867 casaubonus
1071 3804 1101 3863 in
1112 3804 1134 3865 2
1147 3801 1262 3862 Exerci-

156 3897 211 3951 tat.
233 3896 331 3953 contra
353 3892 523 3973 Barbulam,
542 3901 572 3953 et
584 3896 700 3953 tandem
715 3912 749 3951 eo
762 3894 840 3951 venit
854 3899 887 3951 ut
902 3891 1015 3970 regulos
1030 3892 1117 3950 fuisse
1131 3909 1190 3948 non
1206 3889 1262 3946 dif-

156 3978 285 4055 fiteatur,
308 3980 443 4039 daramdo
455 3986 496 4039 ita
507 3984 603 4039 sortire
617 3980 660 4038 ael
675 3998 726 4037 non
740 3983 837 4037 sentire
852 3982 994 4054 antemnae
1011 3981 1048 4035 rit
1063 3977 1190 4046 liberiora,
1210 3992 1262 4031 ne-

157 4080 212 4142 que
226 4066 432 4145 artioutnrfidei
448 4066 509 4125 inde
526 4066 651 4125 cadatur.
696 4064 758 4139 quis
785 4082 839 4141 pra
862 4062 979 4122 articulo
996 4062 1063 4121 lidei
1082 4062 1136 4119 hoc
1150 4054 1262 4117 habeti

155 4149 311 4207 communis
335 4156 365 4208 et
386 4156 431 4211 est
452 4157 483 4209 et
498 4152 552 4210 luit
572 4150 718 4230 persuasio
736 4148 876 4221 fidelium
904 4168 922 4208 a
943 4165 1001 4224 qua
1014 4152 1133 4227 propter
1150 4141 1260 4200 ratiun-

155 4233 237 4292 cnlas
257 4234 301 4291 rel
321 4236 416 4313 potius
433 4236 568 4299 stultitias
589 4234 786 4297 cismarinas
811 4236 956 4295 discedere
976 4252 1076 4315 parum
1099 4224 1259 4289 camaliam

158 4324 211 4379 aut
231 4321 384 4401 expediens
401 4327 454 4383 est.
