3075 4867
245 335 317 406 102
546 330 706 418 noum]
730 329 1025 402 euronotum
1072 367 1076 372 ’
1359 365 1364 394 ι

244 508 296 572 καί
310 503 371 570 ἀπὸ
387 508 448 570 τῶν
462 499 680 590 πλησιοχώρων
692 502 858 587 ἐκκλησιῶν
869 500 1130 586 μετακεκλημένοι.
1171 503 1197 564 ei
1214 500 1248 566 ιλέ
1265 496 1342 582 μήτε

207 617 230 671 Β
247 610 461 692 ἐπιδημοῦντες
481 604 599 690 τάχοιεν
618 604 697 690 μήτε
719 606 751 672 ἐν
765 618 832 683 ταῖς
847 603 1071 693 πλησιοχώροις
1085 604 1255 687 ἐκκλησίαις
1269 595 1343 670 ὦσιν

245 711 393 798 ἀρχιερεῖς
410 707 545 790 δώδεκα,
570 706 724 792 κάθηνται
743 711 776 776 ἐν
795 713 840 798 τῷ
854 711 1063 797 ψηφηφορείῳ
1079 710 1112 786 ἐξ
1126 703 1265 790 ἀνάγκης
1276 704 1345 771 ὅσοι

246 813 286 880 ἀν
299 810 464 900 εὖρεθῶσι,
491 814 542 876 καί
558 811 727 896 ἐκλέγονται
749 815 793 889 είς
807 810 996 898 πατριάρχην
1014 807 1164 897 πρόσωπα
1176 810 1263 896 τρία,
1291 805 1346 884 oric

247 915 319 982 ἀνά
331 915 405 991 θεὸς
416 910 581 1001 χορηγήσει
593 918 635 991 είς
647 914 703 998 τὴν
715 920 825 999 γνῶσιν
839 914 955 981 αὐτῶν·
980 904 1023 980 ἀν
1036 914 1075 980 τά
1089 909 1226 996 ὀνόματα
1240 913 1371 976 otono-⁵

246 1022 383 1103 μίζουσιν
398 1015 558 1105 ἐγγράφως
572 1023 616 1106 τῷ
628 1022 754 1099 βασιλεῖ
763 1017 868 1096 αἴτιόν
882 1014 1038 1102 ἀρχόντων
1050 1023 1106 1101 τῆς
1123 1015 1283 1098 ἐκκλησίας
1295 1011 1346 1079 ἐκ·

247 1147 344 1210 κριτοι
353 1169 363 1200 ,
389 1122 441 1186 καί
457 1117 633 1203 όβασιλιιλς
649 1120 799 1204 ἐκλέγεται
815 1121 875 1185 ἀπὸ
893 1118 1008 1187 τοάταιν
1023 1119 1058 1186 ὃν
1073 1118 1112 1185 ἀν
1127 1119 1144 1184 ὅ
1158 1119 1233 1194 θεὸς
1247 1119 1347 1201 ἐμβα-

141 1246 163 1298 Ρ
182 1245 234 1300 139
250 1223 347 1292 τεάσει
368 1225 410 1299 είς
430 1223 486 1308 τὴν
500 1229 610 1308 γνῶσιν
627 1222 731 1288 αὐτοῦ.
783 1219 848 1288 εἶτα
864 1223 1099 1289 ἀποστέλλονται
1111 1221 1256 1308 ἀρχοντες
1267 1218 1352 1306 παρ’
1385 1288 1388 1292 ,

248 1327 343 1394 αὐτοῦ
360 1325 414 1402 οὓς
430 1325 468 1392 άν
481 1327 628 1413 διακρίνοι
634 1372 645 1405 ,
670 1327 721 1396 καὶ
737 1325 767 1390 οἱ
779 1326 969 1410 ἀηλωθέντες
980 1326 1220 1410 ἐκκλησιαστικοὶ
1236 1321 1348 1409 ἄρχον-

144 1442 149 1446 ’
203 1479 206 1485 ·
248 1456 313 1510 τες,
339 1431 389 1494 καλ
404 1431 611 1510 διακομίζουσι
626 1427 661 1494 τὸ
676 1425 829 1515 ψήφισμα
847 1428 926 1516 πρὸς
941 1429 995 1494 τάν
1015 1428 1216 1517 ψηφισθέντα
1231 1428 1283 1490 καλ
1297 1425 1391 1490 ier-10

250 1535 370 1618 λεγέντα
384 1528 426 1608 ὡς
440 1531 501 1598 ἀπὸ
514 1537 570 1614 τῆς
583 1532 742 1616 ἐκκλησίας
754 1557 787 1600 τε
800 1534 852 1596 καλ
864 1537 920 1596 τοῦ
931 1533 1091 1613 βασιλέως.
1120 1528 1179 1596 κάν
1190 1529 1247 1611 μὲν
1259 1529 1349 1612 ἀέξη-

251 1661 302 1700 ται
315 1642 416 1712 τοῦτυ,
439 1633 501 1718 ἐγίλη
518 1632 627 1700 καλόν·
649 1637 676 1700 εἰ
689 1634 723 1700 ἀί
736 1631 792 1717 μή,
812 1634 994 1721 ἀπέρχονται
1011 1638 1053 1711 είς
1064 1633 1118 1701 τόν
1132 1622 1257 1719 ἕτερον(
1274 1634 1302 1698 τί
1315 1629 1351 1695 δέ

250 1740 302 1804 καί
317 1738 374 1825 ογλχ
388 1728 492 1816 οὗτος,
520 1739 564 1814 είς
576 1738 630 1805 τὸν
642 1734 758 1805 λοιπόν.
809 1740 837 1802 εί
851 1738 884 1804 δ’
902 1737 977 1814 ἴσως
991 1737 1062 1804 οὐδ’
1080 1733 1097 1801 ὅ
1114 1737 1231 1822 τρίτος,
1251 1734 1351 1819 γίνον-

251 1867 303 1908 ται
320 1831 412 1916 αὖθις
426 1847 530 1926 ψῆφοι
546 1836 588 1917 ὡς
602 1842 634 1917 ἐξ
649 1838 744 1923 άλλης
759 1837 875 1925 ἀρχῆς,
900 1842 951 1904 καί
969 1839 1047 1922 μττά
1068 1838 1103 1906 τό
1127 1840 1278 1916 δέξασθαι
1297 1836 1352 1903 τόν

251 1942 452 2030 ψηφισθέντα
463 1942 498 2010 τό
512 1939 639 2026 μήνυμα
654 1939 859 2030 προβάλλεται
873 1947 981 2008 τοῦτον
996 1940 1012 2009 ὅ
1027 1941 1172 2024 βασιλειλς
1185 1938 1291 2016 οὕτως.
1359 1947 1394 2004 15

358 2080 389 2141 Γ
387 2078 523 2161 ινομίνης
537 2074 723 2163 ἀναβάθρας
738 2078 790 2148 διὰ
806 2075 905 2156 ξάλων
924 2080 967 2154 εἰς
982 2076 1040 2163 τὴν
1056 2077 1155 2164 ἀρχὴν
1170 2082 1225 2144 τοῦ
1239 2077 1354 2164 τρικλί-
1412 2078 1416 2091 “

254 2177 307 2248 νὀυ
315 2230 326 2260 ,
351 2175 603 2268 περισκεπομένης
619 2182 672 2246 διὰ
687 2183 816 2263 βλατίου
830 2184 986 2261 κοκκίνου,
1011 2182 1065 2269 ἐφ’
1083 2172 1121 2264 ἧς
1133 2183 1256 2246 λ’σταται
1272 2175 1354 2266 θρά-

216 2297 240 2351 Β
257 2309 309 2359 νος
330 2283 489 2366 βασιλικὸς
508 2281 612 2360 ὃποῖος
633 2285 664 2350 ἐν
680 2291 718 2370 τῇ
735 2291 792 2350 τοῦ
806 2285 957 2367 βασιλέως
971 2284 1163 2374 στεφηφορίρι
1178 2283 1293 2368 εἴρηται
1298 2329 1309 2362 ,
1336 2277 1354 2346 ὃ

255 2388 311 2470 μὲν
325 2385 473 2471 τρίκλινός
488 2389 550 2452 ἐστι
567 2387 829 2473 διαπεφραγμένος
840 2388 993 2469 βλατίοις,
1028 2387 1115 2452 καθά
1129 2389 1228 2452 καὶέν
1243 2391 1280 2470 τῇ
1298 2389 1354 2450 τοῦ

259 2485 407 2555 δεσπότου
420 2487 585 2575 προβλήστι
602 2486 788 2572 δεδήλωται,
812 2487 879 2554 toi
892 2488 1038 2571 βασιλεάς
1057 2485 1092 2555 τά
1112 2515 1144 2555 τε
1166 2490 1286 2570 στέμμα
1302 2489 1397 2559 naim

257 2593 298 2658 τά
312 2591 402 2656 λοιπά
417 2598 522 2679 φορῶν
534 2591 635 2659 ἐλθὼν
650 2593 682 2656 ἐκ
698 2598 753 2658 τοῦ
766 2594 884 2657 κελλίοα
898 2591 994 2657 αὐτοῦ
1010 2595 1129 2672 καθιζει
1143 2593 1191 2659 ἐπὶ
1206 2597 1262 2658 τοῦ
1275 2586 1355 2676 θρό-

252 2719 312 2782 Ινου
326 2691 487 2782 ἐρχόμενος
500 2695 533 2760 ἐκ
548 2701 603 2761 τοῦ
620 2696 737 2761 κελλίου
752 2696 848 2761 noro&
856 2743 867 2774 ‚
889 2692 1010 2761 πάντων
1021 2701 1082 2760 τῶν
1095 2691 1251 2782 ἀρχόντων
1263 2718 1338 2781 πσρι

328 2882 713 3014 λλλάίλλλλλλλυο
730 2889 939 3018 cintii
1043 2892 1078 2948 ¹⁰
1094 2906 1209 2960 nmo
1223 2889 1356 2961 ''m‘'

262 3145 327 3182 vero
345 3145 431 3198 neque
448 3147 481 3182 ex
499 3128 534 3183 iir
550 3128 597 3199 qui
611 3147 723 3199 peregre
744 3132 921 3200 advenerunt,
948 3148 1036 3202 neque
1052 3148 1086 3184 ex
1102 3129 1221 3186 finitimie
1238 3129 1359 3185 ecclesiia

262 3199 439 3252 duodenarius
455 3215 577 3254 numerus
593 3198 776 3271 episcoporum
791 3201 885 3254 confici
902 3210 992 3270 quent,
1009 3208 1072 3255 tuuc
1088 3200 1239 3254 necessario
1254 3201 1282 3253 iu
1299 3200 1358 3253 loco

263 3268 384 3336 suffragii
399 3268 502 3322 ferendi
519 3270 613 3321 sedent
630 3275 670 3322 tot
687 3281 751 3342 quot
766 3270 867 3340 reperti
883 3271 997 3340 fuerint,
1015 3277 1124 3339 tresque
1140 3271 1168 3322 in
1184 3269 1360 3339 patriarcham

263 3337 379 3406 eligunt,
405 3353 470 3406 quoe
494 3336 596 3390 scilicet
618 3338 682 3391 deus
704 3339 770 3408 ipsis
794 3339 981 3408 inspiraverit3
1005 3355 1114 3409 quorum
1138 3339 1242 3392 nomina
1258 3338 1359 3409 scripto

263 3405 335 3458 consi
356 3413 417 3460 nata
433 3407 556 3462 deferunt
575 3405 668 3460 relecti
688 3408 815 3462 ecclesiae
834 3426 959 3478 proceres
981 3409 1014 3462 ad
1037 3407 1235 3476 imperatorem,
1261 3406 1360 3475 quiex

260 3472 313 3526 illis
332 3425 407 3544 ‹iigit
423 3475 544 3546 aliquem,
570 3493 646 3546 quem
669 3477 734 3530 deun
751 3479 780 3530 in
800 3486 910 3530 mentem
927 3478 984 3531 eius
1000 3476 1111 3532 miserit.
1144 3476 1240 3530 deinde
1255 3475 1362 3544 ablegat

263 3542 408 3612 imperetur
423 3544 573 3614 principes,
599 3546 644 3616 qui
667 3545 743 3599 simul
766 3564 825 3600 cum
846 3546 1031 3600 ecelesiasticis
1054 3545 1207 3615 proceribus
1223 3547 1362 3615 perferunt

264 3611 417 3682 electionem
435 3615 468 3666 ad
486 3615 609 3682 electum,
637 3615 760 3683 electum,
786 3617 900 3684 inquam,
928 3623 956 3668 et
972 3619 1004 3669 ab
1022 3614 1134 3668 ecclesia
1150 3622 1178 3668 et
1193 3615 1226 3667 ab
1244 3615 1360 3686 impere-

263 3690 333 3733 tore.
368 3680 393 3732 ei
409 3681 507 3734 electus
521 3682 764 3751 electioni-annuat,
785 3687 854 3738 beue
868 3691 923 3750 τοῖς
943 3684 967 3737 ei
984 3686 1090 3753 abnuat,
1110 3691 1172 3737 eunt
1187 3686 1220 3737 ad
1239 3681 1360 3738 alterum.

265 3748 290 3802 si
307 3765 392 3818 neque
409 3749 462 3802 iste
479 3753 639 3820 consentiat,
664 3753 699 3805 ad
721 3754 827 3807 tertium
853 3771 883 3807 ee
908 3755 1056 3808 conserunt.
1091 3752 1115 3806 si
1136 3760 1164 3806 et
1187 3752 1231 3806 hic
1246 3759 1362 3819 recuset,

265 3833 357 3870 rursus
375 3819 408 3870 de
424 3819 527 3888 integro
541 3819 633 3872 etalio
649 3821 725 3889 quari
740 3823 871 3896 principio
888 3828 991 3892 sumpto
1009 3822 1136 3891 suffragia
1152 3822 1249 3876 ferunt.
1285 3830 1362 3893 poet·

265 3903 343 3960 quom
361 3886 458 3942 electus
468 3889 657 3972 ‘suffiugetioui
672 3907 807 3946 esseorum
824 3893 956 3963 praebuit,
977 3891 1046 3946 hune
1061 3892 1091 3945 in
1106 3892 1210 3945 modum
1226 3892 1259 3945 ab
1276 3890 1362 3960 impe·
1436 3910 1440 3925 ¹

266 3965 354 4013 retore
372 3965 546 4015 renuntratur.

336 4061 480 4116 Emtructa
495 4060 581 4130 lignea
598 4061 743 4116 anabathra
759 4062 794 4116 ud
809 4061 913 4117 initium
927 4053 1048 4130 triclinii,
1066 4066 1213 4146 opemque
1231 4059 1364 4114 coccineis

267 4130 375 4197 sericio,
402 4129 429 4184 in
447 4148 499 4201 qua
517 4138 571 4186 etet
585 4131 646 4185 telis
667 4131 834 4216 imperatorie
851 4133 962 4186 thronue
977 4132 1063 4201 qualis
1080 4151 1109 4184 nr
1126 4131 1295 4186 coronatione
1312 4129 1363 4181 im-

266 4201 397 4270 peratorie
414 4201 560 4286 descriptus
578 4207 627 4267 eat,
644 4200 787 4254 trichnium
804 4201 908 4270 quidem
923 4202 1095 4284 intemepitur
1110 4200 1239 4254 eiusmodi
1253 4198 1321 4252 velie
1337 4205 1364 4251 et

266 4269 359 4336 pennis
385 4271 475 4341 qualee
501 4289 528 4323 rn
553 4271 680 4352 despotae
695 4270 896 4338 inauguratione
912 4271 1033 4322 adhiberi
1047 4270 1141 4323 colent.
1175 4276 1204 4322 ut
1221 4269 1365 4336 imperator

265 4343 373 4394 stemma
390 4349 418 4394 et
435 4339 770 4410 magnummontem
787 4339 863 4394 redet
877 4339 907 4393 io
923 4339 1019 4394 throno
1035 4355 1094 4409 ruo,
1111 4355 1241 4408 essrereue
1251 4354 1285 4391 ex
1300 4352 1364 4390 eou-
