3075 4867
501 284 549 353 nt
574 283 722 353 cODlNI
743 283 825 353 GAP.
851 287 935 357 XV..
1201 289 1275 363 341

242 446 279 504 ib.
296 462 324 504 v.
340 446 366 499 8.
383 441 475 515 μονὴν
496 446 553 501 ruis
578 440 790 516 Haiurolo'pas]
819 463 836 501 a
859 444 1022 517 Palaeologis
1046 464 1137 505 nomeu
1157 451 1279 508 sortitum.

173 515 351 571 moumterium
368 532 432 586 opes
448 522 590 585 proventus
615 516 730 571 aedificia
753 521 901 571 ornamenta
921 518 1042 587 quaevis,
1064 520 1098 574 nb
1115 519 1152 575 ets
1169 522 1276 591 primum

174 584 269 657 imperii
285 585 372 639 sedem
391 585 573 655 occupantibus
588 584 676 641 debuit
691 586 831 657 accepisse.

254 677 292 735 ib.
312 693 338 734 v.
357 677 405 740 to.
426 672 548 735 natalem
561 674 591 743 S.
606 674 803 752 chrysostomi
817 674 923 735 obeunt
933 674 1036 735 Graeci
1048 680 1087 742 13
1097 674 1273 741 Novembris.

254 776 290 835 ib.
308 794 334 833 v.
360 774 407 838 15.
435 775 523 851 verti,
549 774 578 832 iu
599 775 833 852 praesentatione.
875 776 917 834 sic
938 776 1013 837 euim
1033 797 1078 839 res
1098 778 1272 856 intelligitur.

91 896 99 925 r
173 858 326 920 celebratur
339 877 357 918 a
368 858 479 921 Latinis
493 860 599 938 pariter
607 865 637 918 et
648 859 762 919 Graecis
774 863 814 925 21
828 857 1004 922 Novembris.
1046 865 1206 923 monasterii
1215 869 1272 943 τῆς

172 943 366 1026 περιβλέπων
375 945 500 1003 meminit
514 944 657 1023 Gregoras
667 941 755 1011 l7et
765 944 1019 1023 PachymeresL5.
1055 954 1271 1009 eratmouaste·

52 1080 55 1087 .
170 1032 242 1090 rium
251 1030 440 1090 sanctissimae
452 1029 566 1107 virginis
580 1028 703 1108 Mariae,
724 1049 811 1107 quam
821 1031 922 1091 Graeci
932 1034 1146 1113 περίβλεπτον,
1162 1035 1216 1093 boc
1225 1040 1272 1093 est

169 1114 334 1195 spectabilem
354 1133 404 1174 seu
422 1115 622 1190 admirandam,
642 1122 753 1175 soant
794 1115 825 1176 iu
841 1116 895 1175 boc
913 1118 1017 1177 festum
1037 1120 1141 1198 partim
1157 1124 1271 1179 exstant

170 1202 274 1281 partim
286 1201 376 1261 adbuc
387 1201 418 1260 in
429 1199 603 1261 bibliothecis
616 1198 707 1260 latent
714 1200 820 1261 multae
837 1202 1008 1263 Graecorum
1020 1203 1157 1265 homiliae

238 1299 275 1353 ib.
290 1314 318 1353 v.
330 1298 371 1352 16.
397 1296 431 1351 de
455 1298 505 1352 boo
520 1297 673 1351 monasterio
690 1297 823 1352 cedrenus
838 1299 865 1353 in
886 1300 1001 1354 Romano
1017 1300 1138 1370 Argyros
1156 1294 1270 1364 uisuros-

170 1362 235 1429 θεὶς
251 1361 267 1423 d
281 1361 423 1433 'Pauuude
439 1353 582 1439 βασιλεύς,
598 1363 740 1421 θάπτεται
758 1364 789 1421 ἐν
810 1369 847 1438 τῇ
867 1364 933 1434 παρ’
956 1365 1045 1423 αὐτοῦ
1066 1370 1269 1453 rsouqudslop

170 1436 221 1559 spic
232 1432 415 1556 aspusstiprou
430 1436 512 1506 μονῇ.
525 1436 669 1558 lappuipseqst
685 1438 816 1522 snpqriusr
836 1432 851 1490 d
863 1431 901 1557 tii
917 1433 1044 1523 deocisis
1057 1433 1202 1507 ‘Papuuoa
1217 1432 1269 1518 qdu

169 1505 1269 1657 tttstrttitt‘ttsbitttlttttttt.tlttzttttttttiitt

169 1641 357 1711 magnificentia
378 1646 533 1725 murratum
551 1641 683 1695 cedrenus
705 1643 880 1713 prosequitur:
904 1592 948 1696 udi
969 1644 1045 1697 situm
1072 1594 1166 1709 ditarit,
1190 1642 1269 1695 docet

169 1712 360 1833 qddgoffoedl,
355 1710 398 1768 18.
417 1727 435 1765 ι
449 1710 596 1781 Nrcepboro
615 1711 748 1766 Botaoiate
766 1717 913 1783 reparatum
929 1712 1046 1767 Zonaras
1061 1716 1144 1767 refert
1162 1711 1269 1765 adeius

168 1796 196 1833 rr
226 1798 241 1833 e

254 1853 290 1911 ii.
309 1869 338 1914 v.
360 1854 407 1915 17.
434 1850 537 1913 festum
562 1852 591 1910 S.
616 1850 712 1913 Basilii
732 1852 874 1916 celebrant
890 1854 993 1915 Graeci
1010 1854 1134 1915 calendis
1147 1852 1270 1913 Ianuarii

169 1937 224 2000 hoc
237 1942 282 1999 cst
294 1938 359 2016 ipso
370 1936 581 1997 circumcisionis
597 1936 652 1995 die.
1129 1992 1132 1999 ,
1201 2009 1204 2013 ι

253 2024 291 2081 ib.
310 2040 339 2083 ν.
355 2022 403 2084 19.
424 2023 527 2081 festum
545 2040 676 2081 occumus
690 2039 741 2079 seu
751 2023 948 2101 purr'jicutionis
965 2021 1110 2082 nobiscum
1125 2020 1269 2080 celebrant

168 2108 271 2168 Graeci
282 2110 304 2169 2
316 2105 467 2165 Februarii.
508 2106 713 2165 Blacbemense
723 2107 859 2184 templum
879 2107 1069 2167 suburbanum
1091 2113 1152 2165 erat
1167 2106 1205 2164 ad
1221 2104 1269 2161 lit·
1295 2135 1299 2142 ,

167 2198 216 2255 tus
228 2192 329 2269 meris,
349 2192 520 2251 condituma
532 2191 678 2253 Pulcheria
696 2192 877 2271 imperatrice.
920 2207 984 2271 opus
995 2196 1063 2251 eru'rn
1077 2195 1134 2251 curs
1148 2196 1204 2265 est,
1224 2189 1268 2245 in-

169 2279 232 2355 quit
244 2276 420 2357 Nicephorus
438 2275 525 2353 142,
545 2294 650 2340 samum
672 2275 716 2335 dei
732 2280 871 2353 genitricis
884 2276 1023 2355 ternplum,
1051 2276 1120 2355 quod
1137 2273 1268 2334 Blacher-

167 2384 219 2423 uas
229 2363 345 2435 dicitur,
367 2361 480 2439 dignum
494 2362 544 2421 illa
556 2366 617 2440 r'psn
629 2362 703 2420 uerbi
715 2366 816 2435 matre,
841 2362 909 2439 quod
926 2362 1085 2421 inhabitaret
1097 2358 1269 2419 domicilium.

167 2452 245 2508 cuius
258 2447 378 2507 divisura
393 2444 523 2505 tumulum
536 2453 561 2504 et
581 2445 738 2523 sepulcrales
750 2446 862 2523 ¹fascias
884 2450 1007 2505 incestas
1025 2464 1084 2505 aum
1101 2446 1269 2503 sacratione

167 2537 287 2593 manua
302 2534 343 2593 ili
352 2533 476 2611 reposuit.
519 2529 693 2611 (Cedrenum
706 2531 735 2589 in
750 2530 893 2589 Marciano
903 2532 1013 2589 confert
1026 2527 1126 2607 coar.)
1166 2538 1269 2602 inagna

167 2620 296 2695 religione
305 2618 428 2695 templum
438 2614 631 2695 idBysarstirsi
643 2616 748 2691 colunt,
769 2617 861 2692 inquit
877 2617 952 2675 idem
965 2615 1141 2693 Nicephorus
1158 2616 1197 2677 18
1208 2611 1269 2675 38:

169 2705 270 2765 dicitur
279 2722 393 2780 nomque
402 2706 428 2761 el
445 2701 560 2761 creditur
573 2706 656 2761 uestes
666 2700 777 2760 Marsae
786 2704 901 2779 uirginis
916 2707 1051 2778 atparteru
1068 2696 1200 2779 qumrdm
1214 2693 1268 2754 ud-

166 2789 305 2849 mirandae
320 2788 396 2847 illius
408 2806 491 2844 sonae
507 2789 653 2865 capitisque
666 2789 746 2845 etiam
762 2786 904 2844 anticulum
913 2789 942 2843 in
951 2804 1035 2844 aurea
1044 2805 1116 2843 urna
1129 2783 1169 2842 ibi
1180 2798 1267 2839 mser·

165 2876 236 2935 uari.
278 2874 402 2931 deveste
411 2872 439 2929 d.
454 2871 569 2947 virginis
584 2877 697 2949 reperta
710 2870 775 2927 vide
790 2869 910 2927 eundem
922 2869 1072 2947 Nrcephor.
1092 2866 1129 2931 15
1143 2863 1193 2932 24.

231 2971 268 3023 ib.
287 2986 315 3023 v.
326 2972 371 3026 22.
388 2963 467 3037 μέχρι
482 2968 538 3021 raiu
550 2964 711 3034 ‘cuqioiuJ
734 2965 767 3020 de
792 2965 880 3037 palatii
895 2964 1092 3021 Blecbernensis
1114 2968 1206 3034 parte,
1225 2956 1268 3013 cni

163 3057 257 3095 nomeu
271 3034 392 3107 Ὗψηλᾶ,
406 3037 501 3089 dictum
515 3035 640 3107 superius.

165 3116 797 3261 radii⁷5³'riii‘qii“aiiiri⁰¹iii¹ii⁰i
814 3118 1023 3241 ii⁰v³¹⁰i⁰‘⁸“¹
1039 3113 1163 3185 '‘m''
1184 3111 1267 3167 '¹⁸⁰³‘

251 3282 290 3345 ib.
306 3297 333 3339 v.
347 3276 377 3340 4.
404 3279 508 3336 festum
533 3276 563 3335 S.
589 3276 704 3353 Georgii
729 3276 860 3351 martyris
883 3274 1025 3333 celebrant
1038 3272 1138 3331 Graeci
1156 3270 1198 3332 23
1219 3269 1266 3327 die

165 3366 280 3448 Aprilis.
322 3362 522 3440 Menganensis
539 3361 699 3421 monasterii
715 3360 840 3419 meminit
854 3360 1068 3417 Cautacuaenns
1085 3357 1173 3419 t1c,
1184 3356 1226 3419 50
1237 3359 1267 3411 et

165 3457 209 3518 59
223 3458 253 3511 et
266 3450 348 3513 tic.
361 3451 400 3514 16
416 3453 446 3506 et
456 3448 496 3511 42
507 3452 536 3505 et
550 3446 600 3511 45.
620 3448 650 3505 iu
668 3464 724 3522 qno
737 3445 907 3522 aliquamdiu
927 3444 1157 3519 conmonuemus,
1177 3442 1269 3516 depo-

166 3540 223 3597 sito
239 3536 374 3615 imperio,
399 3534 485 3591 vitam
498 3532 678 3591 monasticam
697 3532 763 3607 egit.
805 3530 929 3588 eiusdem
948 3528 1095 3604 aliquoties
1111 3525 1216 3586 mentio
1232 3524 1267 3582 fit

165 3626 197 3683 in
211 3622 328 3681 historia
341 3617 493 3697 Nicephori
508 3614 659 3695 Gregorae.
700 3616 729 3673 iu
749 3616 803 3673 bac
816 3615 1000 3693 processione·
1010 3615 1048 3672 ad
1062 3611 1206 3689 Mangana
1221 3610 1268 3667 die

166 3710 198 3767 S.
231 3706 347 3783 Georgii
370 3703 559 3762 constantino
586 3701 683 3761 Ducae
712 3701 874 3780 imperatori
901 3700 1018 3758 insidiae
1040 3704 1164 3757 structae
1189 3700 1268 3770 sunt,

167 3811 238 3871 quas
252 3798 348 3852 tamen
361 3790 424 3869 ipse
436 3787 553 3847 feliciter
565 3788 669 3859 evasit,
690 3792 724 3843 ut
737 3786 834 3845 scribit
846 3785 967 3844 Ioannes
983 3783 1165 3862 curopalate„
1204 3800 1267 3838 mo·

50 3870 59 3883 ⁸
166 3880 320 3938 nestorium
333 3875 526 3951 Mangonense
538 3873 674 3931 exstruxit
688 3870 891 3934 Monomachns
903 3872 1056 3951 imperator
1069 3868 1197 3929 testibus.
1209 3865 1267 3924 ce-

160 3957 258 4022 'dreno
268 3969 298 4024 et
311 3958 500 4038 curopalata3
521 3958 569 4015 ubi
579 3959 662 4019 etiam
672 3956 799 4036 sepultus
814 3962 866 4015 est.

237 4061 271 4113 ib.
291 4078 316 4113 v.
334 4058 360 4112 6.
384 4056 514 4110 cedrenus
534 4056 566 4109 de
592 4054 727 4124 Mougnnis
752 4056 825 4108 loco:
851 4048 934 4122 ἔργον
955 4049 1098 4104 Buarisiou
1118 4046 1171 4101 aori
1188 4044 1266 4126 itusq-

168 4121 237 4189 siaa
251 4120 331 4182 said
349 4121 495 4195 λεγόμενος
511 4117 588 4187 οἶκος
602 4120 638 4178 τὰ
654 4121 798 4194 Molpyuuu
813 4122 863 4178 rial
885 4118 901 4177 d
925 4117 1018 4188 ἕτερος
1039 4114 1055 4172 d
1079 4113 1142 4177 uiae
1153 4116 1267 4197 'soutou-
1317 4173 1320 4179 ι

168 4214 258 4265 μενος.
275 4211 357 4268 quas,
374 4201 403 4248 ul
418 4194 520 4259 subdit,
537 4210 568 4248 eu
586 4193 715 4265 proposito
735 4192 833 4259 erexit,
848 4209 883 4246 ue
905 4189 1020 4261 publicos
1034 4186 1179 4265 redituum
1204 4194 1267 4233 usus

169 4266 285 4337 priuatos
300 4268 426 4323 uerteret.
444 4280 498 4321 eom
514 4263 549 4319 ob
564 4280 619 4321 reru
635 4260 733 4321 reditus
749 4262 788 4319 sis
799 4279 832 4317 ex
846 4260 1017 4331 agriculturae
1027 4252 1193 4327 proventibus
1203 4266 1266 4304 aon·
