3075 4867
266 342 315 391 ιιι
432 273 442 300 ’
558 322 728 395 comus
752 325 809 391 ru
835 251 1074 395 cuciouuu.

263 528 294 583 et
315 521 341 581 si
359 520 475 599 quando
490 521 602 583 deiectu
614 522 729 585 alicuius
751 530 838 587 uotae
856 524 1043 603 laboraveris,
1062 522 1167 605 lector,
1197 526 1236 587 ud
1252 544 1366 607 proece-

255 625 388 701 uentem,
409 642 482 700 quae
495 625 570 686 unes
582 625 642 685 uus
654 625 808 705 supplebit,
827 645 945 689 mure.
1310 605 1322 625 ⁴

346 724 387 785 Et
414 742 452 786 ue
479 728 544 806 quis
569 731 653 809 putet
680 746 726 787 me
749 729 819 788 datu
842 748 929 811 opere
952 727 1079 789 Gretseri
1101 746 1246 795 cremorem
1270 746 1365 807 agere,

263 828 357 906 ipsum
373 826 448 887 iuter
467 834 497 888 et
516 846 561 888 me
582 827 735 907 quemlibet
753 836 910 891 eminemus
930 828 1080 909 urbitium,
1113 830 1164 908 qui
1194 830 1232 888 dc
1250 828 1366 890 feliciori

262 935 358 989 textus
384 929 559 1009 expositione
588 930 730 991 diiudicet.
785 938 815 991 et
836 932 963 1011 quemvis
982 932 1012 990 in
1032 930 1160 991 Gretseri
1179 932 1303 991 favorem
1322 932 1366 991 fe-

261 1037 341 1091 retur
355 1030 511 1109 sententis,
530 1050 590 1092 non
606 1032 691 1091 debui
706 1040 870 1115 puoeptun
890 1055 909 1099 a
927 1051 973 1095 me
993 1050 1096 1094 norum
1110 1050 1224 1095 sensum
1239 1039 1367 1114 prseter-

261 1131 394 1230 mittpre,
425 1149 510 1211 quern
530 1132 580 1211 qui
602 1132 792 1197 Codinianum
817 1143 926 1198 textum
955 1136 1056 1216 legerit
1075 1138 1270 1215 emendatum,
1305 1154 1365 1197 nou

262 1233 375 1315 longius
388 1234 522 1314 requiret,
540 1254 605 1296 erum
626 1236 713 1297 oculis
732 1237 826 1298 subsit
845 1238 1025 1298 inversionis
1045 1238 1178 1316 margine.

346 1337 451 1398 Panum
470 1356 555 1417 sune,
581 1319 647 1399 licei
657 1338 803 1419 nonnihil,
823 1337 980 1419 splendoris
994 1340 1106 1401 Codluo
1122 1336 1312 1414 contulissem,
1339 1341 1369 1423 si

260 1440 293 1499 in
317 1439 379 1501 solo
399 1446 480 1501 textu
506 1439 551 1499 vel
574 1441 635 1500 cius
656 1441 785 1501 versione
811 1444 986 1503 restituenda
1013 1448 1124 1523 tempus
1150 1440 1365 1520 impendissem:

175 1572 180 1586 x
263 1541 364 1623 debui,
394 1544 473 1622 quod
492 1561 594 1623 operae
618 1543 739 1623 pretium
760 1550 823 1604 eret
845 1551 875 1604 ct
900 1546 1060 1624 operis.erit
1076 1545 1183 1605 utilitas
1196 1541 1364 1602 etoblectu-

262 1649 404 1723 mentum,
423 1650 458 1705 ut
475 1645 591 1723 ignotos
603 1646 788 1745 recentiorum
802 1636 973 1707 Graecorum
991 1662 1098 1726 mores,
1128 1646 1171 1706 ite
1189 1644 1364 1705 Codinienae

262 1745 392 1805 dictionis
408 1745 554 1813 obstrusos
566 1752 598 1807 et
609 1749 770 1808 reconditos
784 1766 884 1809 seusus
897 1749 1047 1828 elucidare,
1066 1746 1212 1825 catalogos
1225 1745 1262 1802 de
1275 1744 1363 1803 eccle-

261 1848 321 1907 sae
340 1847 385 1907 vu
405 1848 502 1928 posu
516 1849 691 1924 cursuum
706 1868 741 1911 ex
753 1848 862 1926 Regiae
883 1851 928 1909 vu
947 1848 1244 1911 umus-nouenae
1263 1832 1360 1906 iiiuc

261 1950 361 2010 thecue
377 1950 519 2010 codicibus
539 1969 598 2009 mss
615 1948 685 2010 ulios
708 1968 743 2008 uc
762 1950 876 2010 omuino
897 1950 1022 2009 diversos
1037 1948 1176 2028 proferre,
1207 1948 1278 2007 ritus
1292 1949 1364 2007 istos

258 2052 337 2112 velut
354 2049 466 2130 regulus
485 2051 567 2111 fuct’s
585 2057 617 2110 et
639 2050 773 2129 exemplis
799 2051 981 2127 confirmare,
1015 2049 1052 2109 de
1068 2067 1133 2109 meo
1154 2048 1258 2108 referre
1273 2068 1365 2128 peuce

258 2154 305 2214 vel
326 2155 413 2214 ferme
434 2151 519 2231 uilril,
547 2171 567 2213 c
588 2171 634 2212 me
649 2150 740 2212 relatu
757 2157 861 2213 cuncte
874 2150 919 2211 vel
934 2150 1050 2213 Graecis
1067 2150 1249 2229 scriptoribus
1269 2150 1313 2208 vel
1327 2151 1363 2216 iis

259 2258 309 2335 qui
330 2258 395 2318 vivs
415 2272 485 2316 voce
510 2255 667 2315 docuerunt
692 2254 839 2315 amicte.
880 2253 981 2334 quodsi
1006 2252 1074 2315 mihi
1089 2250 1174 2312 tidem
1193 2271 1251 2311 non
1276 2250 1363 2312 sociat

244 2377 332 2439 ¹quire
353 2360 413 2419 fide
439 2356 567 2418 laborare
591 2356 712 2417 Graecis
736 2356 939 2437 praesumitur,
969 2356 994 2417 si
1015 2374 1109 2415 meum
1129 2354 1319 2432 testimonium
1330 2356 1361 2413 in

258 2460 446 2539 suspicionem
468 2458 574 2534 veniet,
595 2457 644 2534 qui
664 2458 724 2515 lieri
740 2464 839 2535 potest
858 2463 892 2516 ut
912 2462 971 2515 turn
986 2456 1069 2517 multi
1086 2460 1216 2517 suctores
1237 2458 1268 2517 iu
1285 2458 1361 2517 notis

259 2559 298 2623 ed
314 2557 426 2637 singula
444 2558 539 2637 cupito
556 2557 673 2618 adiectis
691 2558 855 2617 catervatim
876 2556 979 2637 prolati
1000 2556 1058 2617 tide
1079 2564 1196 2637 vocent,
1227 2564 1279 2619 sut
1298 2560 1361 2638 quis

261 2680 358 2721 eorum
377 2660 514 2740 suffragiu
530 2660 650 2722 voluerit
669 2660 701 2719 iu
721 2660 838 2720 dubium
853 2656 977 2721 vocarer

344 2762 441 2823 Unum
465 2768 556 2823 restet
579 2763 657 2842 quod
680 2778 829 2840 moneam,
862 2762 983 2841 primum
1010 2768 1096 2843 ceput
1120 2764 1158 2822 de
1186 2762 1360 2825 Officiulibus

260 2883 379 2942 maguae
395 2864 527 2927 ecclcsiae
540 2886 599 2927 nou
614 2865 681 2925 milri
696 2864 787 2924 uideri
800 2864 911 2924 Codini.
951 2865 1030 2925 curius
1048 2865 1205 2925 sententiae
1223 2865 1361 2925 tutionem

260 2967 417 3047 coniunge,
443 2969 572 3029 nimirum
586 2967 745 3045 catalogum
763 2968 794 3027 in
817 2988 874 3047 quo
891 2966 1060 3027 officialium
1081 2968 1195 3028 nominc
1213 2985 1360 3027 recensen-

262 3075 326 3148 tur,
356 3089 375 3130 u
394 3070 507 3150 reliquis
527 3071 631 3131 codini
655 3070 793 3150 capitibus
815 3070 927 3151 cuspius
950 3070 980 3129 in
999 3068 1098 3147 Regiis
1117 3088 1176 3128 mss
1197 3068 1359 3129 distinctum

261 3173 385 3251 reperiri.
430 3178 462 3233 et
487 3174 628 3252 integrum
657 3192 731 3253 opus
752 3173 860 3251 ubsque
881 3172 1011 3252 catologo
1028 3172 1059 3231 in
1083 3189 1136 3231 sus
1159 3177 1237 3231 recto
1260 3172 1359 3233 ordine

261 3276 355 3354 cupita
371 3277 467 3337 videre
486 3281 532 3336 cst
547 3276 742 3352 distributum
766 3277 846 3357 qnod
862 3283 893 3336 et
911 3276 966 3356 ipsi
985 3272 1086 3356 quibus
1102 3291 1171 3333 usus
1182 3266 1231 3333 est
1241 3272 1360 3332 Gretse-

221 3403 223 3409 ·
260 3396 309 3435 rus
328 3378 512 3458 comprobant
531 3380 649 3439 codices.
690 3400 755 3439 cum
773 3386 867 3439 tamen
890 3376 1076 3438 incudinum
1091 3366 1256 3455 scuiptorer'n
1274 3375 1358 3453 pleri-

260 3497 317 3559 que
337 3481 475 3559 reieraut,
516 3482 585 3560 quin
613 3482 755 3543 codicum
779 3487 915 3559 agnoscet
940 3484 1086 3560 parentem
1113 3495 1173 3537 non
1191 3476 1302 3537 invideo
1316 3474 1358 3555 *).

258 3582 330 3643 ulios
341 3582 406 3662 ipso
418 3582 566 3663 ampliores
581 3585 656 3645 inter
671 3591 756 3645 notes
770 3582 904 3662 adiungo.
944 3581 1021 3663 ipsus
1040 3580 1125 3643 etism
1138 3586 1221 3642 nobs
1232 3578 1360 3657 utrisque

260 3703 295 3745 cc
313 3685 369 3745 toti
387 3685 491 3745 codini
505 3686 584 3767 operi
595 3686 671 3747 volui
683 3704 833 3765 connexos,
854 3690 889 3745 ut
907 3684 1029 3746 auctoris
1040 3684 1182 3747 crriderte
1197 3686 1277 3743 textu
1296 3682 1357 3741 eius

260 3788 399 3867 expositio
419 3786 523 3848 nullum
539 3788 592 3857 oni
612 3787 753 3867 relinqunt
770 3790 864 3849 enimc
888 3787 1067 3849 dubietatem.
1109 3785 1251 3847 Codinum
1270 3785 1358 3865 igitur

258 3886 368 3967 duum
389 3900 424 3948 ec
438 3890 549 3970 integre
567 3892 658 3972 mobis
677 3890 858 3973 explumtum
874 3892 994 3975 suspice,
1017 3895 1047 3951 et
1061 3888 1240 3976 integerrime
1258 3886 1328 3949 vde.

294 4092 322 4163 ')
341 4097 376 4152 tf·
395 4102 516 4163 Grccm
531 4113 697 4164 commentor.
717 4109 732 4162 1
751 4108 849 4165 texti.
905 4062 907 4067 Α

697 4372 904 4383 ...---—-
