3075 4867
275 324 351 399 324
433 324 643 395 Genusum
659 322 713 389 ET
728 322 862 392 soum
874 318 1213 390 COMMENTARIUS

329 534 332 539 ,
360 486 420 551 Διό
434 492 528 551 ταῦτα
539 487 645 553 τοίνυν
670 483 790 551 ἅπαντα
807 482 847 550 ταί
867 484 1016 571 διιερφνιῙ
1029 480 1190 569 δουμόσια
1202 488 1260 569 τῆς
1279 480 1382 549 κανό-

278 598 353 657 γνου
367 577 418 637 καὶ
436 570 624 655 θεομήτορος
641 570 698 679 την
720 578 881 657 παροῦσαν
906 570 1016 655 {operis
1033 567 1222 653 ίορτιίξομεν.
1263 565 1383 635 ‹inritu-

280 680 349 733 στος
363 656 397 722 δὲ
412 660 542 741 εἴρηται,
565 656 645 721 διότι
661 654 854 741 ορθοστόδην
874 654 941 721 τότε
961 662 1023 732 πός
1042 655 1147 731 δλαός
1160 653 1238 721 md
1250 654 1308 737 την
1320 652 1383 718 νό-

280 768 336 807 κτα
351 744 469 825 ίκείνην
481 740 533 807 τόν
554 738 655 825 δμνον
668 748 708 829 τῇ
725 747 783 805 τοῦ
800 738 892 824 λόγου
911 741 1002 823 μητρί
1024 742 1167 823 ίμιλψαν.
1209 741 1264 805 καί
1283 739 1330 805 ότι
1347 742 1385 804 ἐν

281 834 356 893 τιᾶσι
374 836 438 904 τοῖς
462 826 563 903 ἄλλοις
586 829 683 903 οἴκοις
695 832 857 909 καθῆσθαι
871 828 903 904 ἐξ
916 829 1010 902 ἔθους
1033 828 1151 908 ἔχοντες
1170 826 1206 890 tu
1220 832 1286 902 τοῖς
1304 850 1386 906 τιαρ-

282 919 352 979 οόσι
370 918 425 993 τῆς
443 908 650 997 θεομήτορος,
679 907 773 996 δρθοί
793 908 905 987 κιόντες
922 908 1116 995 αἰιροόμεθα.
1163 916 1231 986 ταῖς
1250 914 1307 992 τῆς
1326 914 1386 989 σιῖς

280 996 457 1083 ότιερμόγον
471 1020 503 1061 τε
517 998 570 1061 καί
586 992 784 1079 ότιροσμόχου
806 994 919 1081 μητρός
934 999 1106 1080 πρεσβείαις
1132 994 1241 1081 Χριστί
1258 995 1279 1060 δ
1297 992 1385 1071 θεός,

280 1089 342 1147 τόν
362 1081 576 1163 περικειμένων
601 1083 654 1146 καί
675 1082 758 1165 ἡμᾶς
778 1076 953 1160 ιίιιόλλαξον
975 1086 1162 1165 συμφοριίν,
1190 1081 1244 1146 καί
1261 1080 1386 1161 ίλίησον

280 1170 375 1251 ἡμᾶς,
395 1168 435 1247 τίς
451 1164 546 1248 μόνος
562 1164 791 1249 φιλάνθρωπος.

174 1264 197 1315 Ρ
215 1261 264 1315 ull
365 1254 408 1312 Ex
424 1256 467 1312 his
488 1274 558 1333 ergo
578 1256 757 1333 perspicuum
773 1253 940 1329 relinquitur
953 1252 1038 1328 quale
1048 1253 1133 1311 tuerit
1146 1254 1201 1331 τῆς
1218 1244 1385 1313 ἆκαθίστου

280 1342 403 1415 testum,
423 1347 454 1399 et
474 1360 524 1397 cur
544 1340 598 1397 hoc
619 1341 731 1397 nomine
744 1340 903 1418 appellatus
918 1333 1209 1417 όκόθιστοςίίμνος,
1229 1337 1297 1414 quia
1311 1342 1388 1393 dmu-

282 1428 335 1499 do,
361 1443 418 1483 non
448 1426 575 1483 sedendo
595 1426 719 1497 canitur;
749 1420 916 1497 α’κόθιστος
936 1418 1024 1504 ἑορτή
1047 1442 1099 1481 seu
1126 1420 1239 1501 ἡμέρα,
1259 1421 1329 1497 qula
1348 1420 1386 1479 ab

283 1512 430 1587 omnibus,
457 1510 567 1567 nemine
589 1516 707 1587 excepto
725 1517 755 1567 et
775 1512 886 1567 neruine
907 1511 1016 1568 otiante
1038 1513 1088 1566 aut
1110 1528 1130 1566 a
1142 1508 1244 1565 divin'm
1257 1506 1386 1565 laudibus

282 1602 427 1671 cessante,
445 1596 597 1672 peragitur.
640 1600 735 1653 exstat
760 1595 791 1653 iu
812 1594 980 1653 bibliotheca
999 1593 1136 1653 Bavaricn
1153 1594 1244 1652 oratio
1270 1592 1326 1651 lroc
1350 1591 1387 1649 ti·
1504 1597 1505 1632 ί

284 1681 361 1738 tulo:
383 1676 472 1763 λόγος
487 1673 769 1759 ἀναγινωσκόμενος
784 1680 827 1753 είς
848 1676 905 1759 τήν
925 1673 1106 1741 οίκόθιστον.
1148 1671 1288 1759 διήγησις
1305 1670 1389 1753 mpt-

285 1772 373 1843 λιμος
389 1763 422 1827 ἐκ
435 1768 565 1837 παλαιᾶς
580 1764 712 1841 ἱστορίας
727 1769 913 1849 συλλεγεῖσα,
931 1762 983 1825 καί
997 1756 1237 1843 ἆναμιμτησκειν
1253 1761 1388 1841 δηλοῦσα

285 1854 343 1911 τοῦ
357 1843 530 1925 παραδόξου
545 1848 710 1930 γενομένου
723 1844 897 1928 θαύματος,
918 1849 1011 1928 ἡνίκα
1027 1846 1143 1929 Πέρσαι
1159 1846 1213 1909 καί
1237 1840 1387 1927 βάρβαροι

286 1930 345 2013 τὴν
358 1935 496 2013 βασιλίδα
511 1929 625 2014 ταύτην
638 1932 728 1996 πόλιν
741 1930 998 2012 περιεκόκλωσαν,
1021 1934 1054 1996 οἳ
1065 1931 1117 1994 καλ
1131 1926 1291 1995 ἆτιοίλουτο
1300 1932 1386 2003 θείας

288 2021 377 2099 δίκης
399 2018 603 2100 πειραθέντες.
644 2018 668 2099 q‘
690 2016 724 2081 δὲ
746 2016 831 2092 πόλις
858 2014 966 2100 όσινης
986 2022 1212 2099 σοντηρηθεῖσα
1232 2016 1388 2098 πρεσβείας

289 2108 343 2183 τῆς
364 2100 514 2165 θεοτόκου
532 2102 656 2180 ἐτησίας
671 2101 704 2168 ίκ
723 2099 789 2167 τότε
801 2102 870 2189 ᾇδει
890 2098 1131 2188 εόχαριστήριον,
1152 2096 1322 2167 ιίκιίθιστον
1333 2095 1388 2180 τὴν

289 2186 408 2271 ἡμέραν
428 2184 673 2269 κατονομόζονσα
685 2188 727 2269 *).

360 2296 517 2363 όκόθιστος
544 2302 654 2370 εἴρηται
684 2301 759 2356 διότι
791 2297 972 2371 όρδοττιίδην
999 2301 1055 2363 τοῖς
1082 2296 1100 2354 δ
1128 2294 1197 2363 λαδς
1222 2293 1277 2369 τὴν
1302 2293 1390 2353 νόιιτα

289 2365 400 2438 ίκείνην
420 2364 525 2439 ὕμνους
544 2367 699 2456 θεομήτορι
720 2368 816 2441 μέλαει
834 2371 871 2423 ait
890 2370 1017 2423 callixtus
1038 2368 1138 2423 ineius
1162 2366 1214 2422 diei
1236 2370 1258 2422 S
1295 2368 1391 2422 uario.

290 2440 348 2509 ipse
363 2440 472 2507 hymnus
487 2446 528 2493 est
549 2433 718 2509 ἅκαθιατος,
742 2440 812 2511 qood
835 2440 997 2493 interstitium
1052 2438 1060 2455 ⁶
1144 2455 1179 2491 no
1200 2438 1235 2490 ud
1273 2438 1280 2451 '
1310 2438 1391 2490 culum

292 2647 436 2714 nuperrime
460 2653 518 2717 post
557 2646 670 2699 'torium
697 2617 923 2701 Mondtlrelitorum
944 2646 1064 2701 mustus
1085 2646 1238 2701 mmmm·
1263 2643 1393 2699 Combefis
1507 2696 1508 2719 ¹

292 2714 426 2783 evulgavit
449 2722 477 2767 et
497 2720 573 2769 notus
588 2715 691 2769 adiecit.
1507 2733 1508 2740 ¹

380 2800 527 2881 Duplicem
563 2804 639 2862 hunc
665 2822 788 2863 errorem
825 2802 896 2884 περὶ
926 2805 983 2864 τοῦ
1013 2797 1143 2883 μεγόλου
1175 2794 1307 2875 κανόνος
1343 2798 1394 2863 καί

294 2884 365 2964 τιερί
398 2890 454 2965 τῆς
487 2882 656 2949 α’καθίστου
679 2888 800 2966 ipsemet
823 2888 999 2966 curopalate
1028 2888 1193 2946 Calviniano
1228 2886 1395 2947 scholiastae

295 2972 414 3029 eximere
427 2977 557 3049 poterat,
576 2972 601 3029 si
614 2973 735 3029 animum
745 2974 920 3031 advertisset
963 2974 1003 3030 ait
1020 2974 1094 3031 enim
1107 2972 1282 3051 Curopalata
1301 2992 1320 3030 a
1338 2973 1394 3049 pri-

295 3075 343 3116 mo
361 3075 395 3115 ex
417 3061 552 3132 quattuor
566 3057 665 3132 vigiliis
679 3056 828 3133 imaginem
841 3058 1032 3116 sanctissimae
1049 3057 1197 3136 deiparae,
1217 3075 1292 3133 quae
1303 3058 1395 3116 Ηοδε-

296 3145 386 3219 getria
400 3140 575 3222 appellatur,
594 3142 623 3199 in
636 3141 742 3221 palatio
756 3161 869 3200 manere
883 3145 921 3201 ad
936 3162 1068 3221 maguum
1084 3160 1174 3219 usque
1188 3142 1262 3201 diem
1277 3143 1396 3201 domini-

295 3246 359 3286 cum
379 3227 529 3304 paschatis
571 3228 634 3285 laic
659 3231 790 3304 imagini,
814 3228 908 3305 inquit
935 3226 1124 3306 Curopalata,
1150 3230 1267 3287 omenti
1294 3228 1396 3287 moiun

292 3312 412 3393 procedit
426 3316 567 3391 inperator
577 3312 614 3371 ud
624 3318 730 3391 portum
743 3314 825 3371 aulae
834 3314 946 3391 palatii
987 3312 1100 3372 ιεαοιδο
1116 3332 1177 3371 uero
1191 3312 1270 3390 seria
1282 3316 1396 3372 ιοιιιίία-

297 3404 344 3456 tur
353 3398 487 3456 abeuntem
500 3396 537 3456 ad
550 3398 663 3457 ατιείιοι
676 3418 760 3476 usque
779 3398 892 3475 gradus.
934 3398 959 3455 si
979 3416 997 3456 a
1017 3398 1107 3476 prima
1129 3396 1239 3475 vigilia,
1257 3416 1334 3473 quae
1354 3403 1397 3456 est

297 3485 356 3543 τοιί
368 3476 497 3561 μεγάλου
514 3476 661 3561 κανόνος,
681 3491 777 3541 manet
789 3483 881 3561 imago
895 3482 942 3541 illa
954 3482 985 3541 iu
1003 3483 1108 3564 palatio
1127 3501 1218 3558 usque
1238 3484 1276 3542 ed
1297 3502 1397 3543 secun·

299 3566 366 3623 dam
387 3566 485 3625 feriam
504 3566 662 3707 paschatis,
684 3568 742 3627 lieri
763 3587 821 3626 non
843 3573 939 3649 potest
958 3575 991 3626 ut
1010 3566 1034 3647 ἤ
1053 3570 1110 3631 rosi
1122 3560 1254 3649 μεγόίον
1266 3562 1397 3641 κανόνος

300 3644 452 3731 οίγροιινία
470 3669 504 3709 ve
535 3654 630 3710 iuncta
648 3652 692 3711 vel
714 3654 842 3732 proxima
860 3654 944 3711 inerit
965 3658 1160 3732 pentecostae:
1183 3650 1288 3729 alioqui
1302 3654 1397 3729 imago

298 3734 347 3791 illa
359 3734 470 3812 integro
483 3736 570 3795 ferme
591 3756 665 3795 anno
685 3736 715 3794 in
736 3738 842 3816 palatio
861 3740 1027 3815 mansisset,
1048 3760 1067 3797 a
1084 3742 1248 3817 pentecoste
1268 3738 1398 3796 videlicet

299 3822 440 3894 usquead
455 3824 605 3881 secundem
625 3820 721 3880 seriam
739 3823 896 3902 paschatis,
916 3844 979 3883 cum
992 3830 1087 3883 tamen
1103 3824 1275 3901 paucissimis
1288 3822 1397 3881 hebdo-

299 3903 428 3963 madibus
443 3903 472 3964 in
489 3924 522 3965 eo
537 3908 655 3985 relinqui
671 3906 791 3987 soleret,
810 3914 840 3968 et
853 3916 1003 3989 propterea
1015 3908 1133 3987 singulis
1151 3909 1231 3967 aunis
1245 3928 1304 3967 non
1316 3908 1398 3967 aliter

299 4006 334 4048 ac
348 3991 452 4065 donum
463 3992 606 4068 quoddam
617 3992 747 4051 divinitus
757 3995 872 4053 missum
885 3995 915 4053 in
924 3993 988 4053 aula
1003 3996 1185 4075 exciperetur,
1204 4013 1312 4073 perque
1327 4012 1398 4072 pau-

300 4094 349 4135 cos
365 4074 465 4135 diesin
480 4078 577 4141 eadem
590 4078 695 4141 tutelae
707 4080 800 4161 grafia
813 4087 1043 4163 commoraretur,
1068 4098 1170 4164 nempe
1182 4099 1201 4142 a
1214 4080 1314 4161 quinta
1328 4077 1398 4141 feria

297 4226 508 4255 m

368 4333 396 4401 *l
414 4353 439 4392 v.
457 4303 567 4411 Foggid
584 4338 699 4413 append.
718 4354 792 4413 ιοτρ.
808 4337 868 4399 hist.
884 4336 997 4429 Bytmt.
1014 4356 1040 4413 p.
1056 4340 1102 4398 18.
