3075 4867
498 345 544 412 IN
561 273 714 412 bouliii
734 344 820 413 CAP.
847 346 907 414 iv.
1185 345 1258 418 243

155 519 229 571 trem
255 509 487 587 l'heognostum,
514 527 552 568 ne
578 509 740 588 imperatori
767 508 931 582 maledicat3
967 527 1026 568 non
1053 509 1258 590 obtemperanti

156 597 290 676 imposuit
310 589 420 673 aliquot
441 596 541 674 plagas
561 613 612 652 seu
636 596 726 672 ictus,
751 591 807 656 τάν
834 589 1033 674 σειρομοίστην
1059 595 1198 671 ἐντείνας.
1228 601 1258 658 S.

155 683 346 758 Hieronymus
360 681 443 759 epist
457 681 515 745 53:
537 681 594 756 legi
605 684 673 738 τιιίοι
691 685 845 738 sironieeteii
860 681 983 754 Ptinees,
1002 685 1181 741 austeritatem
1201 683 1261 743 He-

155 768 225 837 li'oe5
246 766 294 824 ubi
307 767 414 847 etipse
427 785 479 844 pro
493 765 572 824 liceto
585 765 697 823 videtur
709 765 876 824 siromasten
890 767 1022 844 accipere.
1044 765 1155 845 Ioseph.
1173 770 1261 845 antiq.

107 907 121 918 ,
155 851 177 916 4
192 858 212 917 6
226 854 313 910 vertit
326 853 508 928 romphaeam:
528 851 628 912 ποίων
651 854 691 933 τῇ
710 851 848 934 ῥομφαίᾳ
863 846 1025 912 ἀπέκτεινε.
1047 850 1207 928 Hesychius
1222 855 1262 913 ait

156 933 356 1018 τειρομάστην
375 955 438 994 esse
459 930 539 1009 εἶδος
553 930 667 1016 λόγχης.
689 936 719 992 S.
733 934 812 994 Hier.
833 937 861 994 in
882 941 941 1000 οἳ
961 935 1079 995 Malach.
1094 938 1264 1016 interpreta-

156 1028 204 1081 tur
218 1017 417 1102 τειρομιίστην
429 1025 586 1098 ρυςιοκοιι,
607 1025 641 1079 ut
660 1025 690 1078 et
713 1019 799 1079 Num.
826 1023 875 1086 25.
890 1026 921 1082 at
935 1021 956 1084 3
970 1020 1042 1099 Reg.
1067 1023 1107 1086 ,ia
1124 1029 1154 1080 et
1169 1022 1187 1080 l.
1203 1021 1223 1085 4
1238 1043 1262 1084 c.

157 1109 198 1168 11
222 1107 337 1166 luston.
363 1106 466 1164 Suidas
492 1098 687 1188 σειρομᾶστης
718 1099 798 1178 eidos
824 1101 981 1182 οἷκοντίου,
1011 1101 1111 1185 λόγχη.
1142 1107 1263 1167 Ioannes

157 1190 298 1251 Tsetzes:
325 1188 432 1254 scotici
459 1187 514 1270 μὲν
537 1186 572 1252 rii
597 1183 739 1252 oiaiivrsov
762 1194 887 1252 καλοῦσι
917 1187 1132 1272 disposuisses,
1164 1187 1264 1274 ὥσπερ

157 1270 217 1339 κᾶν
231 1280 273 1362 τῇ
288 1273 393 1349 Φινεὲς
402 1280 516 1338 νοεῖται
529 1275 645 1360 ίστορίᾳ
658 1280 711 1334 etc.
725 1276 838 1356 κυρίως
852 1273 886 1337 dd
901 1272 1039 1356 σιδήριον
1054 1281 1116 1336 sois
1126 1271 1279 1340 τελωνῶν

158 1355 302 1440 riudazer,
329 1358 371 1436 τίς
391 1358 482 1441 μέγας
501 1354 719 1440 dilationeque
741 1352 960 1444 pistrinorum
984 1357 1055 1432 roric
1073 1357 1206 1435 σάκκους
1228 1359 1265 1426 τοί

159 1441 474 1525 κλειιτοτελωνοιίμενα
493 1448 601 1508 νοοῦσι
614 1444 666 1506 καί
686 1449 859 1524 κροτοῦσιν.
880 1447 991 1504 videtur
1004 1447 1128 1506 omnium
1141 1467 1264 1507 commo·
1282 1439 1372 1494 1²2⁰?

159 1532 273 1590 dissime
285 1531 357 1590 verti
370 1531 449 1610 apud
463 1531 664 1610 Curopalatam
677 1531 757 1589 telaiii
784 1550 834 1589 seii
851 1536 953 1612 pagio,
976 1533 1204 1609 quandoquidem
1226 1535 1265 1592 si-

159 1623 298 1676 romastes
311 1615 454 1675 ferebatur
466 1636 485 1675 a
497 1635 601 1693 magno
616 1617 726 1675 tsausio
739 1635 775 1676 ex
788 1617 902 1676 sinistra
914 1623 995 1695 parte
1009 1637 1104 1676 zonae.
1126 1619 1166 1678 ait
1176 1619 1265 1678 Codi-

160 1721 214 1760 nus
229 1702 303 1760 liuuc
316 1701 483 1763 siromasten
495 1701 581 1778 vulgo
595 1702 687 1758 vocari
706 1701 826 1764 eotibom.
848 1699 909 1760 Leo
929 1701 1000 1780 imp.
1021 1704 1143 1762 constit
1163 1708 1197 1766 7:
1222 1705 1250 1768 εί
1317 1725 1323 1742 ⁸

160 1783 197 1849 rii
213 1787 304 1866 ῥῖψαι
322 1781 460 1865 parides
477 1779 634 1864 ῥικτάριον
661 1783 713 1847 καλ
742 1783 1021 1866 μυτζοβᾶρβουλον,
1048 1783 1122 1868 ὅπερ
1150 1785 1266 1871 λέγεται

162 1875 222 1933 νῦν
237 1864 381 1949 ostitiarii
400 1868 453 1930 issi
468 1864 656 1950 τζηκοῦριον.
681 1869 856 1932 Glossarium
875 1872 971 1932 scribit
990 1869 1265 1955 μαρτζομοίβουλον.

163 1954 329 2031 Anonymus
354 1953 482 2012 debello
503 1973 599 2013 sacro:
629 1957 754 2033 σαλίβνς
775 1953 855 2035 εἶχον
879 1951 1048 2035 τουρκικοίς.
1080 1957 1177 2016 lunius
1201 1960 1269 2018 dicit

165 2041 292 2118 οολίβον
307 2058 369 2097 esse
381 2057 478 2097 vocem
491 2036 647 2099 Arabicam
667 2045 700 2098 at
714 2044 856 2114 quomodo
870 2042 924 2098 scit
937 2059 998 2100 esse
1019 2039 1186 2120 Arabicam,
1205 2063 1269 2103 eum
1373 2043 1377 2053 ”

163 2125 273 2225 nesciat
301 2125 369 2202 quid
396 2123 555 2203 sigmfloett
589 2143 647 2184 nou
675 2125 749 2184 enim
776 2132 822 2186 est
851 2126 977 2185 militaris
1010 2125 1106 2206 clava,
1138 2133 1171 2186 ut
1201 2135 1270 2188 ante

164 2213 354 2345 dlmlililicsut
383 2288 427 2360 qui
456 2288 598 2343 Meursium
626 2293 779 2359 sequuntur,
810 2292 838 2342 at
865 2306 915 2344 non
947 2290 1075 2360 attingunt
1099 2291 1171 2345 vocis
1195 2291 1270 2346 buius

168 2377 278 2415 sensum.
313 2360 447 2413 siromaste
472 2359 623 2413 siromasten
653 2359 775 2428 exploro,
808 2364 835 2410 et
864 2358 934 2413 velut
963 2356 1270 2430 κλεπτοτελωνοῦμενον
1357 2386 1358 2389 “

166 2430 196 2483 hi
219 2428 337 2482 obscuris
362 2427 469 2481 Tsetuis
492 2427 645 2482 carminibus
667 2427 757 2495 (Giiil.
791 2429 824 2482 1³
846 2427 886 2481 iit.
914 2429 977 2496 492)
1001 2430 1059 2482 voci
1088 2428 1137 2482 καί
1164 2431 1269 2499 κρατῶ.

166 2500 353 2553 mercatoribus
369 2515 402 2550 οι
419 2496 529 2550 Oriente
545 2513 643 2550 meroes
659 2497 854 2566 exportantibus
869 2515 921 2551 non
938 2497 1010 2568 prius
1024 2497 1087 2552 lieet
1109 2515 1152 2551 eas
1174 2500 1201 2552 iii
1223 2515 1271 2550 us-

167 2584 372 2651 vesocongererc
388 2566 432 2618 vel
449 2584 464 2618 e
481 2572 556 2636 portu
573 2565 716 2647 abducere,
741 2581 817 2634 quam
838 2567 1007 2649 vectigalibus
1031 2567 1178 2636 colligendis
1191 2584 1273 2650 piae-

167 2638 231 2690 fecti
246 2653 348 2704 sagmas
365 2651 452 2687 omnes
472 2643 500 2687 et
515 2651 579 2686 vasa
595 2640 753 2694 examinent,
773 2652 805 2686 ne
825 2640 989 2705 pretiosiores
1007 2639 1049 2689 vel
1068 2643 1198 2706 exportari
1210 2654 1272 2705 pro-

167 2705 264 2760 hibitas
280 2706 327 2758 sub
343 2703 477 2757 vilioribus
494 2710 521 2756 et
539 2701 615 2754 licitis
637 2702 766 2754 occultent
791 2703 842 2771 illi,
870 2713 900 2756 ut
924 2706 961 2757 ite
987 2705 1028 2756 vel
1052 2705 1084 2757 de
1108 2705 1271 2772 vectigalium

167 2773 253 2860 pretio
270 2773 421 2856 defraudent
436 2773 479 2826 vel
496 2771 603 2841 principi
620 2770 703 2839 legem
726 2773 829 2856 ferenti·
845 2773 961 2827 subtilius
982 2773 1097 2856 illudant.
1134 2775 1272 2856 explorant

167 2850 258 2912 itaque
273 2842 401 2912 publicam
417 2858 520 2908 sagmas
546 2846 573 2892 et
596 2847 682 2892 strues
706 2857 876 2908 sarcinarios,
900 2849 925 2896 et
952 2843 1085 2910 colligatas
1108 2851 1271 2912 quantumvis

168 2912 330 2967 strictissime
346 2911 390 2962 vel
408 2909 570 2963 tenacissime
590 2910 689 2961 iunctas
712 2909 789 2977 longo
810 2918 940 2980 acutoque
963 2913 1032 2964 ferro
1055 2912 1217 2982 perfodiunt,
1245 2918 1274 2964 et

169 2997 247 3036 seusu
263 2981 327 3032 duce
343 2979 553 3048 experientiaque
569 2980 708 3045 magistra,
737 2979 804 3047 quod
822 2979 877 3050 ip'se
896 2981 949 3034 visu
975 2997 1028 3032 suin
1055 2988 1189 3050 expertus,
1214 2997 1272 3032 num

171 3050 253 3103 serica
269 3049 315 3099 fila
332 3049 406 3101 verbi
422 3063 499 3100 causa
516 3046 563 3098 sub
580 3047 717 3116 gossipiuis
734 3049 777 3099 vel
795 3049 897 3100 metalla
913 3047 961 3099 sub
978 3066 1054 3101 cerae
1066 3067 1148 3102 masse
1162 3051 1269 3114 lateant,
1342 3051 1346 3058 '

170 3115 1134 3240 ‘clarititatis‘attiliiitltiitt¹ttt⁰¹¹it³d²
1152 3119 1276 3240 {titi

173 3203 325 3308 addicantur
340 3252 412 3304 fisco.
446 3202 666 3305 verutumpautem
685 3224 747 3304 illud
764 3203 863 3320 longius
881 3262 908 3304 et
925 3203 1095 3316 acuiiusfflex
1118 3204 1277 3335 alilquaeouui
1349 3224 1352 3229 -

170 3324 289 3394 pugione
306 3322 358 3373 telo
375 3321 454 3373 bustu
470 3321 651 3385 similitudine,
668 3317 848 3388 οειρομοίστης
864 3323 907 3372 vel
924 3321 1096 3388 οειρομοίοτις
1112 3321 1198 3374 audit:
1217 3324 1278 3392 quia

173 3407 238 3449 vero
254 3388 421 3459 praecipitem
438 3396 607 3442 mercatorum
622 3389 650 3441 iii
667 3389 832 3458 exportandis
851 3389 974 3444 merobis
992 3389 1146 3456 diligentiam
1166 3393 1279 3463 reprimit

174 3468 203 3515 ct
219 3459 325 3512 fraudes
342 3464 460 3522 conset,
486 3458 604 3528 σαλίβοιν
618 3458 661 3508 vel
677 3453 807 3526 σαλιβοίρι
824 3457 915 3525 vulgus
932 3474 964 3525 sp
984 3459 1058 3526 ellat,
1079 3463 1187 3526 sreauiii
1203 3457 1279 3514 dde-

174 3531 245 3584 licet.
263 3527 350 3610 ¹liisce¹
368 3527 508 3648 pherspectis
526 3525 562 3578 nil
579 3526 738 3578 difficultatis
760 3533 876 3578 remanet
900 3526 925 3578 in
975 3532 1048 3580 zetus
1073 3529 1171 3598 absque
1195 3530 1279 3585 inter-

173 3604 415 3737 pgecegggipglglaqm
432 3681 527 3717 morsui
545 3663 625 3717 faciat
636 3662 662 3715 iii
675 3662 783 3718 Codiuo.
818 3663 978 3733 Hesychiust
992 3663 1173 3736 οειρομοίστης
1183 3665 1281 3730 σκεῦός

176 3755 205 3790 τι
227 3735 377 3804 σιδηροῦν,
403 3728 473 3800 ὅπερ
500 3728 530 3784 oi
553 3732 671 3784 τελῶναι
692 3727 763 3796 πρὸς
789 3726 904 3796 ἔρευναν
929 3729 1035 3802 ἔχουσι,
1059 3732 1149 3806 λοιβὴν
1165 3737 1280 3806 ξυλίνην

178 3801 254 3875 ἔχον.
289 3821 337 3857 cur
351 3802 415 3856 illud
431 3805 458 3855 iu
475 3817 542 3854 rosa
559 3807 633 3870 gerat
646 3801 778 3868 taausius„
790 3801 849 3854 alibi
867 3802 1022 3856 dbcudmus.

450 3595 486 3648 tio
504 3595 618 3648 Meursio
635 3601 664 3647 et
681 3595 822 3657 Gretscro,
841 3595 933 3659 relato.
950 3595 987 3648 uil
1001 3596 1165 3652 obscuritatis
1181 3599 1208 3652 iu
1221 3600 1278 3654 He·

263 3938 292 3998 p.
308 3914 349 3980 24
363 3937 389 3976 v.
407 3920 454 3981 11.
476 3910 641 3998 οἶμηροίλιος
651 3920 681 3973 et
694 3909 859 3995 ἄμηριίλης.
878 3918 1032 3997 praefectus
1045 3923 1144 3996 moris,
1161 3940 1195 3980 ex
1209 3919 1281 3979 Ara-

178 4003 243 4062 bico
268 4007 356 4061 emira
377 4022 428 4061 seu
449 4006 566 4076 amirae,
594 4001 686 4076 iuquit
713 4001 828 4079 lunius,
859 4008 889 4060 et
912 4003 1022 4062 Graeco
1045 3999 1130 4078 ἅλιος·
1155 4010 1282 4066 moia'iiue.

178 4088 278 4148 credat
292 4089 340 4161 qui
353 4088 443 4147 volet:
464 4108 518 4166 ego
532 4105 677 4146 assensum
690 4086 813 4145 cohibeo.
837 4089 948 4146 transiit
964 4109 1018 4147 vox
1040 4089 1108 4148 haec
1133 4090 1170 4148 ad
1185 4088 1282 4146 Gallos

178 4171 269 4232 Italos
283 4177 313 4228 et
326 4170 410 4251 alios,
426 4175 527 4249 quibus
542 4171 657 4231 admirol
665 4176 711 4228 est
722 4172 881 4248 praefectus
896 4174 979 4233 maris
994 4191 1044 4231 seu
1058 4173 1282 4233 thalassiarohus,

180 4256 259 4334 quod
278 4274 380 4314 nomen
404 4259 463 4316 sive
478 4258 612 4332 =absolute
635 4276 687 4334 pro
708 4257 833 4333 principe
858 4259 950 4333 gentis
979 4259 1038 4316 sive
1059 4279 1112 4336 pro
1141 4259 1283 4336 praefecto

165 4341 264 4428 xuraris
278 4341 448 4422 accipiatur,
467 4344 579 4404 mirifice
593 4362 611 4402 a
624 4339 733 4404 Latinis
754 4342 937 4423 scriptoribus
959 4343 1098 4415 variatum
1120 4350 1159 4402 nt·
1173 4343 1285 4403 ostendi
