3075 4867
504 260 913 357 moounuosrm.
987 236 988 243 Ν
1068 229 1070 233 ’
1191 290 1264 365 ιιι

162 445 492 599 ψῗέκὲρῖἴῑὶννιον
503 469 555 513 atu
574 447 786 536 κορνβέντιον.
808 468 893 531 quam
913 448 994 515 ncta
1014 453 1089 517 euim
1108 458 1266 531 exentera

161 557 345 601 mmmm
416 582 424 597 .

172 686 177 691 ’
231 705 260 759 p.
272 688 307 741 22
322 704 348 741 r.
367 684 410 745 14.
429 686 591 756 φαιεωλίδα
603 688 733 759 explicant
748 685 851 757 quidem
862 685 961 741 erudita
972 685 1099 742 Meursius
1115 690 1144 743 et
1159 691 1265 759 pressim

117 758 127 768 “
164 754 221 811 eins
237 756 346 825 vestigia
362 763 466 809 secutus
484 759 642 823 Gretserus,
668 766 697 811 at
719 773 769 809 non
791 756 886 809 lucide.
922 757 1006 810 lumen
1023 772 1110 811 eorum
1128 758 1203 812 dictis
1219 760 1267 814 sd.

158 826 249 882 «niteo.
288 824 425 893 φακιοολλς
450 827 647 894 (ντιίλιιιοιόλὶἱ
671 821 842 895 porcilaca,
865 822 1041 895 φακινέλιον,
1067 822 1217 894 φαιιιόλιον
1241 835 1269 883 et

164 890 332 963 φακιοέλιον)
354 894 440 966 taenia
465 902 506 947 est
534 904 561 949 et
573 896 670 981 sarda
694 895 795 963 longior
820 912 854 947 ex
876 894 927 947 lino
944 896 1062 949 maxima.
1096 896 1225 952 Palladius
1240 898 1270 953 in

163 963 314 1021 Lamiaciat
332 958 384 1017 οὖν
400 957 512 1036 ὀθόνην
528 958 660 1034 ἐφορεσιν
676 957 755 1025 larris
770 962 937 1033 φακιαλέον,
959 964 1068 1025 linteam
1086 966 1150 1033 tulit
1167 969 1269 1035 κολλοιρ

163 1040 271 1103 praeter
291 1034 401 1089 mamae
424 1034 572 1103 oblongius.
605 1035 665 1087 hinc
689 1032 783 1087 stolam
807 1032 938 1087 candidum
957 1034 1024 1086 collo
1041 1033 1200 1087 sacerdotum
1218 1036 1270 1089 cir-

166 1101 333 1172 cumpositam
350 1107 378 1153 et
394 1117 411 1155 a
428 1109 533 1172 pectore
550 1103 702 1173 pendentem
719 1104 810 1171 (quam
828 1119 884 1155 curn
898 1102 984 1173 pileo,
1002 1118 1050 1155 ceu
1066 1104 1182 1156 Batavus
1193 1104 1269 1157 theo-

165 1169 251 1239 logus,
270 1168 403 1223 contundit
419 1170 559 1240 ltleursius)
575 1172 704 1259 significat
718 1171 786 1241 apud
797 1172 952 1224 Germanum
963 1170 1188 1241 inMystagogia(
1207 1190 1269 1226 rave

166 1239 233 1293 dixit
248 1238 317 1293 idem
332 1239 402 1293 Hist.
419 1240 554 1309 Eccles.)r
577 1260 610 1297 το
633 1236 819 1309 τιτραχήλιόν
842 1234 899 1294 έττι
920 1235 954 1295 τδ
978 1236 1135 1307 paradisos
1150 1191 1215 1308 μδ
1234 1231 1269 1295 οδ

166 1302 319 1377 διεφέρετο
339 1303 355 1362 ὁ
372 1305 490 1377 Χριστὸς
504 1304 561 1363 rino
578 1310 631 1365 sori
648 1305 795 1379 ἀρχιερέως
811 1302 958 1377 δεδεμένος
977 1307 1027 1361 καλ
1049 1304 1200 1377 συρόμενος
1224 1306 1269 1379 έμ-

166 1379 302 1444 νιροτδιν.
336 1380 405 1431 stola
423 1379 593 1433 sacedotalis
609 1381 693 1433 lorum
709 1386 748 1432 est
764 1378 863 1445 (funem
876 1377 963 1432 dicere
978 1378 1090 1447 nequeo)
1108 1396 1157 1447 quo
1167 1380 1270 1437 vinctus

167 1453 196 1501 et
211 1448 241 1499 in
257 1447 393 1500 anteriora
410 1454 510 1502 troctas
525 1450 644 1502 Christus
665 1446 851 1502 deducebatur.
869 1446 988 1505 ,cidarim
1004 1451 1088 1501 tanen
1105 1448 1160 1500 siva
1177 1448 1270 1505 tiaram

167 1514 247 1583 cupiti
265 1515 428 1585 impositam,
454 1517 478 1570 si
494 1518 528 1571 ab
544 1516 660 1571 inferiori
676 1522 750 1587 parte
766 1516 950 1585 circumcingat
965 1520 993 1567 et
1016 1515 1148 1581 involvat,
1173 1516 1269 1570 Turoi-

167 1596 226 1636 cnm
243 1582 338 1654 pileum
354 1586 435 1637 turio
451 1585 485 1639 de
501 1586 581 1655 vulgo
598 1586 693 1640 (lictum
710 1586 856 1668 componit;
873 1602 905 1637 ac
922 1588 1061 1655 propterea
1077 1590 1183 1653 rogatus
1199 1602 1216 1637 a
1228 1602 1270 1641 ma

167 1652 202 1707 de
216 1652 366 1723 plmosoiidc
382 1652 504 1708 scasas
523 1654 641 1709 chiensis
656 1654 807 1723 rescripntr
824 1652 960 1724 φαιεωλίς
975 1655 1047 1707 tiara
1064 1662 1104 1708 est
1121 1660 1147 1709 et
1157 1655 1271 1713 rnilitum

166 1722 267 1793 pileus,
277 1723 396 1791 propris,
414 1724 537 1791 inquom,
551 1726 647 1794 ospitis
659 1722 821 1792 καλύπτρα,
837 1724 962 1778 Turrinus
977 1724 1134 1807 persimilis,
1153 1741 1207 1793 ooo
1223 1741 1271 1777 oo·

167 1797 218 1861 pot
236 1791 307 1844 oalot
321 1809 389 1845 zona
405 1793 448 1845 oel
465 1793 571 1862 cingulo
588 1794 810 1863 circumcingitur.
845 1799 939 1860 argute
955 1791 1059 1845 muitum
1082 1791 1187 1862 scripsit
1208 1810 1272 1863 pro·

168 1859 513 1985 nntnlnt‘ttnt
522 1860 1272 2004 nt‘tt‘tglttltnlt‘it„tltttnlfflntttz

169 1996 209 2050 cis
226 1996 268 2049 vel
285 2015 370 2067 panno
385 1999 520 2064 resoluto,
545 1999 628 2053 laevis
644 2005 677 2053 et.
689 1967 834 2069 expansum,
859 1998 904 2069 qui
920 2012 1042 2069 nusquam
1059 1998 1197 2065 φανειολίς
1219 2015 1266 2053 au-

168 2066 239 2132 aisn
257 2066 370 2120 strictior
386 2074 414 2121 ct
431 2068 510 2121 multo
526 2069 702 2138 iscariothis,
721 2074 750 2120 at
765 2084 867 2135 semper
878 2067 905 2121 io
921 2070 1006 2121 fasces
1022 2084 1078 2118 com
1096 2066 1173 2120 licato
1190 2066 1271 2121 linteo

170 2141 250 2205 caput
264 2135 384 2191 involvit.
418 2154 452 2190 ex
476 2154 527 2209 qno
549 2137 612 2190 illud
629 2136 757 2191 Achmetis
775 2154 798 2189 c.
814 2138 867 2190 226
883 2152 899 2189 a
915 2134 1029 2190 Meursio
1045 2084 1153 2189 relatum
1170 2136 1208 2191 sic
1225 2153 1273 2189 ex·

168 2218 261 2275 pones.
295 2197 349 2259 loir
365 2205 414 2276 ss,
430 2224 474 2268 τις
489 2206 664 2274 amolitus,
682 2201 793 2275 εὑρήσει
809 2199 917 2275 ἀξίωμα
933 2197 1116 2273 στρατηγικὸν
1132 2199 1272 2273 μέγιστον,

169 2267 317 2341 οἷναλάνοις
332 2274 384 2327 τοῦ
399 2276 450 2344 τῆς
465 2268 497 2328 la
513 2274 620 2344 μήκους
635 2272 794 2337 κυκλώσεως
814 2274 867 2327 τοῦ
893 2271 1060 2343 passatico.
1095 2274 1215 2333 maiorem
1231 2274 1272 2327 ni·

170 2342 277 2408 mirum,
299 2359 350 2412 quo
373 2359 420 2413 pro
445 2344 590 2414 quantitate
605 2344 708 2412 longius
724 2344 794 2398 circa
810 2349 889 2412 caput
905 2340 1042 2411 φακεωλίς
1057 2341 1270 2397 circumducatur.

170 2409 254 2485 pileos
271 2415 299 2462 et
313 2411 445 2467 involucra
461 2412 584 2537 cimmo}
600 2413 725 2483 capitibus
741 2428 864 2481 equorum
881 2428 897 2463 a
913 2410 1052 2465 victoribus
1076 2408 1201 2497 Francis,
1225 2428 1272 2463 ca·

170 2486 220 2549 pta
241 2478 333 2549 cpoli,
354 2480 473 2550 imposita
494 2481 546 2534 deu
596 2482 706 2535 Nicetes
728 2481 798 2534 circa
815 2481 911 2533 calcem
929 2482 1065 2533 nutonner
1090 2498 1142 2541 νας
1169 2476 1272 2548 αγνιιῖς

170 2544 345 2635 accepisses,
360 2548 410 2604 καλ
431 2546 484 2611 τοὶς
504 2544 706 2612 δδονοσκιιιεῖς
721 2549 918 2633 recorporatione
933 2548 1093 2615 καλύπτρας
1109 2550 1172 2631 soie
1186 2550 1270 2617 κορύ-

170 2633 242 2685 φαις
256 2617 344 2705 τῶνα
382 2616 479 2685 μάταν
496 2616 703 2686 concretivus,
726 2618 777 2674 sat
799 2636 836 2679 τοι
859 2612 933 2681 κατὰ
949 2614 1041 2674 aaron
1056 2632 1193 2685 κερνμενα
1208 2620 1270 2671 λιιι-

170 2680 272 2740 κέλινα
287 2636 492 2749 cataquensis
508 2685 619 2756 γένυσιν
633 2682 727 2740 αὐτῶν
749 2680 941 2754 περιδέοντες,
964 2680 1015 2738 ἄλλ
1056 2686 1105 2743 κοιλ
1128 2679 1199 2755 ἄλλη
1222 2688 1273 2757 τῆς

169 2748 278 2816 πόλεως
294 2748 487 2820 ἐξιππάζοντο.
523 2774 555 2809 ex
571 2772 639 2829 puro
658 2756 710 2814 lino
728 2773 779 2810 non
796 2754 876 2809 t'uisse
911 2704 1072 2815 heceolioles,
1089 2750 1134 2805 sed
1149 2770 1212 2815 auro
1231 2754 1273 2807 in-

170 2828 247 2876 texto
262 2823 373 2887 ditatas,
400 2825 506 2878 coniicio
523 2842 555 2878 ex
571 2824 685 2878 eiusdem
701 2825 751 2877 loci
766 2826 877 2877 lectione
919 2824 1121 2877 raecobarbaraa
1148 2818 1185 2875 τοὶ
1207 2842 1273 2892 χρυ-

170 2885 321 2958 seimonu
337 2890 481 2961 οεντένια,
504 2891 617 2964 capara
633 2892 683 2949 aul
699 2889 858 2963 προνώψια.
891 2888 1056 2961 προσάψων
1079 2890 1184 2946 linteum
1209 2908 1275 2961 qua·

172 2959 274 3013 aratum
292 2968 334 3013 est
347 2962 422 3015 ulnae
440 2979 497 3015 oum
513 2962 596 3015 media
612 2963 794 3031 longitudinis,
813 2979 829 3016 a
848 2962 994 3017 mulieribus
1010 2962 1106 3013 luctum
1123 2960 1276 3017 ducentibus

173 3030 254 3101 capiti
270 3029 428 3102 impositum,
443 3040 505 3085 tnnc
520 3040 667 3086 senatorum
683 3032 794 3087 nummis
809 3031 976 3103 praecipuum
992 3034 1175 3097 ornamentum.

258 3172 296 3232 st.
309 3187 336 3230 v.
350 3174 399 3237 16.
431 3165 726 3256 οἶνορωτοαοηιιριῖτις]
763 3172 894 3231 scribitur
930 3170 1016 3229 etiam
1042 3164 1279 3253 πρωτοααηιιρή-

174 3276 244 3335 της,
265 3252 534 3338 πρωτοσηιιρήτης,
551 3266 582 3318 et
594 3264 674 3319 extra
690 3258 920 3339 compositionem
933 3250 1121 3335 ᾰοηιιρήτης,
1142 3249 1279 3335 danapri-

174 3362 231 3413 τις.
259 3360 363 3402 nomen
380 3362 415 3403 ex
432 3341 517 3403 Latio
540 3345 571 3403 in
591 3344 739 3406 Graeciam
761 3342 945 3418 menolatum,
965 3340 1112 3418 dignitatis
1135 3339 1278 3417 palatinae

175 3425 276 3504 index,
302 3432 333 3496 et
355 3428 469 3504 quidem
492 3429 582 3489 multo
600 3429 712 3490 maioris
735 3446 820 3503 qnam
838 3426 943 3485 habeat
961 3426 985 3483 is
1001 3444 1085 3501 quem
1098 3443 1151 3483 nos
1163 3430 1278 3503 primum

176 3510 344 3573 sarasan
361 3532 413 3572 seu
425 3514 546 3592 primum
557 3535 576 3575 a
588 3515 702 3575 secretis
716 3514 900 3571 nominamus.
919 3517 965 3571 est
978 3511 1052 3569 enim
1064 3510 1118 3569 iste
1148 3510 1234 3569 rimus
1247 3511 1277 3571 in

176 3604 286 3657 secreto
306 3616 360 3656 seu
377 3604 479 3657 senatu
501 3597 655 3679 (οέιιρετον
674 3598 775 3660 Graeci
797 3596 970 3678 appellant),
989 3602 1050 3656 tam
1068 3601 1102 3655 ut
1123 3530 1215 3654 llocum
1229 3596 1278 3654 ubi

177 3687 294 3741 ananus
313 3684 438 3761 cogitm,
459 3702 545 3760 quam
565 3691 599 3743 ut
621 3686 717 3764 ipsum
741 3689 852 3743 coetum
871 3702 921 3741 seu
946 3682 1091 3752 concilium
1116 3687 1278 3741 aenatorum

176 3764 325 3843 significat.
346 3775 376 3827 et
392 3770 555 3852 σεκρετιιιοέ
567 3777 635 3830 sunt
643 3775 814 3829 secretorum
824 3768 959 3847 ministri,
973 3768 1029 3843 'qui
1043 3770 1207 3845 secretariis,
1225 3767 1280 3826 hoc
1295 3770 1318 3825 P
1336 3772 1387 3826 201

177 3857 225 3910 est
245 3854 422 3913 senatoribus
428 3896 439 3933 ‚
456 3875 474 3913 a
495 3874 581 3915 mann
602 3861 697 3928 erant;
716 3854 830 3915 tametsi
853 3854 1018 3913 secretarius
1040 3852 1155 3911 Graecis
1183 3850 1281 3911 itidem

177 3938 290 4014 saepius
304 3945 350 3999 est
363 3959 448 4017 quem
460 3938 556 4000 Latini
568 3941 624 4001 hoc
640 3941 752 4000 nomine
765 3942 919 4017 denotant,
938 3956 1041 4019 nempe
1055 3938 1163 4017 scriba,
1182 3943 1280 3997 actua-

178 4023 247 4081 rius.
269 4022 374 4103 Evagr.
396 4027 414 4085 l.
428 4028 466 4088 2:
488 4019 604 4107 ἀνέγνω
620 4032 849 4099 novaecaesar
874 4020 1061 4105 σεκριτοέριος
1087 4018 1148 4085 lat
1168 4021 1281 4101 χέδονς.

177 4106 250 4166 illud
265 4110 461 4171 observatione
480 4112 597 4189 dignum
618 4118 678 4190 est,
699 4109 819 4171 Latinos
842 4110 1014 4169 Graecorum
1035 4109 1190 4171 imitatione
1213 4106 1282 4163 scri-

177 4193 270 4272 psisse
283 4202 315 4253 et
337 4216 489 4275 usurpasse
504 4197 631 4257 voculam
644 4204 775 4271 οιιοιολο,
796 4202 829 4255 ut
849 4197 943 4254 videre
964 4199 1008 4253 est
1027 4192 1045 4252 l.
1066 4194 1087 4256 4
1107 4214 1130 4251 o.
1158 4194 1197 4254 19
1220 4191 1280 4247 eius

179 4279 274 4360 operis
287 4284 366 4359 qnod
389 4282 495 4342 Carolo
512 4282 620 4361 Magno
641 4302 789 4366 perperam
810 4280 984 4353 statutus
1011 4278 1060 4337 ubi
1082 4284 1126 4337 est
1144 4274 1280 4337 Leontius
1334 4280 1344 4299 ⁶
1409 4348 1410 4358 ἵ

221 4374 315 4430 caasa
337 4374 490 4449 Garopolot.
511 4375 545 4431 δι
566 4377 641 4445 offic.
793 4366 802 4371 ”
1035 4366 1075 4427 16
1191 4366 1192 4369 ’
