3075 4867
274 285 347 360 ros
430 230 641 355 omasum
654 277 860 358 urantur
877 276 1213 348 couusurrnms
1265 346 1275 364 ‚

344 623 372 677 p·
391 608 423 662 11
445 621 473 659 r.
490 606 517 660 4.
538 598 555 657 d
573 597 720 668 κοιίστωρ]
741 606 772 653 nt
788 599 979 670 theophanes,
1007 596 1144 664 κοίττωρ,
1165 599 1196 650 nt
1213 597 1269 652 Leo
1284 598 1387 650 Gram-

276 673 383 728 maticus
402 679 429 729 et
446 675 550 744 plures,
567 669 730 737 κοιαίστωρ,
754 675 785 722 ut
806 669 920 752 Latinae
937 665 1148 750 pronuntiationi·
1162 681 1219 719 cum
1241 667 1388 720 Simoeatta

276 735 1389 876 ”lll'stlt‘ttntfflbltzltirtr{tlzttl‘leltsslln”ltili
1461 842 1464 854 .

278 831 355 935 iere.
374 884 404 937 lt
425 881 535 951 βασιλεῖ
546 873 701 944 πάρεδρος,
725 875 895 943 κοιαίστωρα
918 873 1020 929 τοῦτον
1034 873 1176 930 καλοῦσιν.
1211 873 1267 926 heo
1288 873 1390 926 Gram-

277 951 388 1004 maticus
405 950 433 1003 in
457 946 619 1032 Theophilus
650 939 814 1013 ῶρίσδησαν
834 940 852 1000 ὅ
874 960 905 997 τι
929 942 1077 1008 κοιαίστωρ
1094 939 1143 996 καλ
1158 935 1189 995 oi
1204 936 1390 1012 ῶντιγραφεῖς

278 1018 418 1073 desiduis
436 1015 485 1071 καλ
500 1033 594 1086 paxque
610 1013 746 1082 θεμελίων
762 1006 914 1084 ίιιδαφίται
936 1007 973 1066 τῶ
1000 1007 1088 1064 αὐτοῦ
1112 1008 1263 1080 οἰκήματα.
1298 1012 1392 1064 Simo-

278 1095 352 1142 catta
370 1087 544 1141 Mauricianae
561 1083 683 1138 historiae
699 1081 786 1136 statim
801 1083 828 1136 in
845 1081 946 1138 limiuao
978 1077 1109 1152 βασιλέως
1125 1082 1248 1149 γλῶτταν
1260 1075 1312 1133 τῶν
1324 1078 1388 1133 Ἰω-

278 1156 372 1226 άννην
388 1151 543 1222 ἐδείκνυεν,
565 1150 659 1220 ἄνδρα
678 1146 786 1221 ῥήτορσί
802 1169 832 1206 τι
849 1144 945 1204 δεινῶν
959 1147 1011 1203 καί
1022 1146 1187 1218 Ῥωμαϊκῶν
1205 1146 1299 1218 νόμων
1324 1143 1389 1204 ἐπι-

279 1223 423 1294 στήμονα,
441 1220 474 1290 ὃς
488 1225 540 1277 ταῶ
556 1217 688 1294 βασιλέως
702 1216 739 1275 τὰ
755 1215 956 1288 προστάγματα
971 1219 1012 1290 aqi
1028 1215 1150 1290 διατόνῳ
1165 1220 1215 1287 τῆς
1225 1215 1392 1288 εὐγλωττίας

280 1290 477 1364 ἐμεγαληγόρει
491 1285 737 1363 μεγαλοφροσύνης
751 1283 864 1356 intigro.
897 1289 999 1344 τοῦτον
1017 1281 1295 1359 ἕπιγωρίφῬωγιαῑοι
1306 1289 1394 1358 φωνῇ

281 1361 457 1417 ἀποκαλοῦσι
471 1361 658 1482 mamogo.
674 1359 864 1485 ammarum
879 1359 932 1412 coti
948 1358 1032 1414 θείου
1048 1357 1187 1411 παλατίαν
1198 1365 1278 1412 vocat
1288 1357 1394 1426 Ealogs

284 1433 380 1487 Leonis
397 1442 426 1486 et
439 1429 600 1486 Constantini
636 1436 657 1482 t.

369 1538 406 1597 ib.
432 1557 458 1596 v.
480 1538 509 1602 5.
545 1534 669 1612 Magnus
682 1532 870 1611 adnumiasta]
893 1524 1061 1612 ἆδνοῶμιον
1086 1538 1126 1592 ert
1142 1531 1281 1612 δαισίγιὶίο
1303 1535 1393 1595 norm-

284 1641 350 1682 ιιιιω
375 1623 451 1702 opud
474 1621 624 1696 Bonosus,
646 1619 739 1696 inquit
762 1619 881 1692 Suidos3
903 1623 934 1678 et
955 1624 989 1676 ut
1006 1617 1077 1678 alitus
1097 1619 1156 1696 ait,
1177 1613 1394 1696 οἶδνουμιῶζειν

287 1713 334 1765 est
347 1701 419 1768 ’κατ’
438 1703 537 1785 ὄνομα
559 1704 741 1784 διέρχεσθαι.
775 1710 821 1763 est
846 1723 915 1781 ergo
933 1703 1061 1762 delectus
1082 1709 1112 1762 et
1133 1722 1234 1762 censius
1255 1704 1393 1778 militum;

287 1793 365 1848 unde
378 1791 451 1850 aetio
465 1784 695 1870 ἆδνουμιῶζειν,
711 1791 793 1865 quasi
811 1790 888 1850 dicas
902 1790 1102 1863 adnumerare3
1123 1794 1153 1847 et
1169 1782 1395 1868 ἆδνουμιαοτής

288 1896 394 1952 aanor,
421 1878 565 1952 turbator,
587 1875 670 1953 quasi
687 1874 885 1938 οάιιακιειολοι.
905 1893 964 1933 non
983 1873 1166 1954 improbabile
1183 1879 1229 1932 est
1242 1893 1261 1932 a
1277 1873 1393 1952 Graecis

287 1981 323 2020 ex
337 1959 422 2020 Latio
437 1961 510 2020 hanc
522 1979 620 2020 vocem
631 1961 750 2038 petitam
762 1979 840 2021 esse:
860 1979 948 2020 sonus
966 1977 1037 2020 sane
1059 1979 1119 2020 non
1138 1959 1267 2039 abludit,
1286 1965 1321 2019 ut
1341 1979 1395 2020 nec

269 2097 274 2104 ,
287 2047 463 2124 significatio.
483 2049 548 2106 vide
560 2046 725 2126 Bignltium.

359 2161 519 2217 Glossarium
553 2159 744 2218 Bibliothecae.
766 2161 836 2230 Reg.
876 2155 1033 2229 discriptos
1068 2157 1225 2231 κατάλογος
1261 2177 1395 2229 στρατιω-

289 2231 358 2285 τῶν.
400 2248 445 2285 eos
463 2229 551 2301 itaque
573 2238 663 2286 censet
680 2229 862 2286 summata
902 2229 1009 2300 exponit
1038 2228 1173 2284 amonem
1198 2229 1344 2299 Rigaltius3
1363 2247 1397 2284 ex

292 2317 323 2352 eo
347 2300 422 2370 plura
447 2306 577 2354 mutuatum
602 2299 747 2368 Meursius,
774 2317 807 2354 ex
832 2298 947 2353 Meursio
973 2301 1130 2366 Gretserus,
1160 2317 1193 2353 ex
1211 2307 1399 2369 utroquecun-

293 2377 336 2422 cta
352 2370 521 2438 Bulleugerus
541 2369 575 2424 sd
598 2371 714 2423 verbum.
748 2369 839 2422 eadem
859 2367 979 2436 ingerere
1002 2367 1183 2437 importunum.
1218 2369 1397 2438 Theophobus

292 2438 364 2507 apud
381 2437 527 2492 cedrenum
545 2439 573 2492 in
591 2437 755 2508 Theophilot
786 2431 907 2498 πολλοὺς
929 2431 961 2490 ἐκ
977 2433 1085 2490 τούτων
1102 2431 1252 2503 ἐμπρέπων
1268 2443 1329 2500 τοῖς
1346 2437 1397 2508 βα-

293 2509 408 2570 σιλικοῖς
424 2501 561 2590 ἀξιώμασι
575 2500 735 2590 πεπριηκῶς
750 2501 847 2590 κῶδιρι
863 2509 1070 2590 στρατιωτικαῖς
1086 2503 1258 2590 (ἅδνονγιίςο)
1271 2502 1397 2591 ἄναγρῶ-

294 2574 957 2714 tttts‘tlttll‘tt‘tttttttdttttft·
991 2573 1102 2630 Nm
1117 2593 1144 2630 ²¹¹
1163 2576 1280 2630 Μ’
1303 2593 1399 2647 ‘mm‘

363 2731 400 2788 ih.
419 2747 446 2782 v.
463 2733 490 2786 6.
518 2726 535 2784 ὁ
558 2723 712 2797 λογοδὲτηρ
736 2727 788 2782 τοῦ
805 2727 1012 2796 στρατιωτικοῦ]
1036 2733 1159 2798 quattuor
1177 2729 1280 2782 nerana
1294 2745 1406 2784 numero

295 2797 364 2866 apud
384 2801 531 2867 Gregoram
548 2799 566 2852 l.
585 2801 616 2853 6:
644 2793 681 2851 coi
699 2793 751 2865 pis
767 2789 800 2850 itt
822 2797 874 2850 τοῦ
896 2797 1038 2866 βασιλικοῦ
1059 2798 1230 2866 πρυτανείου
1259 2791 1401 2863 ἐδίδοντο,

295 2862 333 2919 τοὶ
349 2864 382 2918 δὲ
399 2861 430 2918 ίκ
445 2870 501 2921 τῶν
518 2866 736 2934 στρατιωτικῶν,
753 2863 791 2919 τὰ
807 2859 840 2918 δὲ
857 2861 887 2918 ἐκ
904 2867 959 2918 τῶν
977 2867 1079 2920 κοινῶν
1096 2866 1145 2920 καλ
1163 2864 1321 2922 ἰδιωτικῶν.
1344 2885 1402 2922 rna·

296 2950 363 3002 gnus
378 2935 511 3003 logotheta
529 2951 619 2990 sacras
636 2951 725 2988 omnes
742 2950 820 3002 gazas
839 2937 1057 3006 recognoscebat,
1080 2937 1132 2988 τοῦ
1148 2936 1258 3004 γινικοῶ
1275 2937 1401 3006 publicas,

295 3006 353 3056 τῶν
369 2999 516 3058 οίκειαιιῶν
533 3003 669 3074 privatas,
685 3003 728 3055 hic
746 3003 844 3071 dequo
864 3019 963 3068 sermo,
984 3004 1010 3057 in
1028 3005 1121 3058 milites
1140 3005 1292 3073 erogandas.
1327 3023 1402 3060 aera-

296 3072 362 3126 rium
376 3073 489 3127 militare
503 3074 536 3128 ab
554 3077 670 3140 Augusto
687 3071 833 3124 institutum
851 3071 941 3126 scribit
959 3073 1058 3126 ineius
1076 3074 1132 3127 vita
1150 3075 1299 3127 Suetonius:
1322 3084 1401 3145 atque

296 3151 423 3212 γαμείτω
446 3161 480 3197 oc
503 3145 560 3196 siae
587 3142 748 3210 difficultate
777 3147 894 3210 sumptus
916 3143 953 3196 cd
974 3143 1082 3196 tuendos
1101 3161 1142 3197 eos
1162 3147 1402 3214 prosequendosque

297 3218 462 3281 suppeteret,
484 3212 620 3296 ασσστίιισι
642 3211 760 3266 militare
781 3227 839 3262 οιιιιι
859 3212 1034 3332 uectigalibus
1059 3216 1134 3265 τισαίε
1156 3214 1283 3296 institnit.
1327 3231 1403 3297 cura·

296 3288 392 3334 verunt
407 3298 535 3335 aermon
550 3296 632 3352 promo
647 3286 813 3349 quaestores,
838 3283 907 3332 teste
949 3298 1008 3333 rone
1027 3281 1045 3334 l.
1064 3280 1113 3347 ts,
1139 3281 1273 3350 shquando
1295 3283 1402 3349 aediles,

281 3357 421 3404 narrante
440 3349 610 3434 Suetonioin
629 3352 763 3424 Anguem,
795 3363 973 3431 nonuunquam
986 3355 1138 3472 Βατίνιον,
1162 3351 1251 3434 ecdem
1277 3352 1401 3406 Suetonio

298 3422 445 3473 refermter
472 3420 551 3474 rednt
570 3426 663 3474 iterum
687 3419 721 3472 ad
746 3423 915 3486 quaestores,
936 3423 973 3470 aut
1012 3436 1036 3471 ro
1054 3436 1080 3471 rn
1098 3419 1226 3488 Claudro3
1247 3438 1279 3472 ac
1304 3421 1402 3474 demum

301 3488 358 3540 eius
388 3489 470 3542 omnis
492 3505 554 3543 erra
579 3505 658 3558 penes
677 3487 826 3556 logothetae
851 3486 952 3546 mansit.
997 3487 1072 3541 buius
1096 3488 1178 3542 adhuc
1196 3491 1403 3556 στρατιωτικοῦ,

300 3573 392 3624 nempe
414 3553 586 3625 λογοδέτοο,
612 3565 687 3610 sexta
708 3555 831 3624 synodus
858 3562 909 3608 aot.
933 3559 995 3612 tet
1012 3555 1192 3625 septima‘act.
1216 3561 1230 3612 1
1253 3560 1403 3612 memineras

302 3625 377 3676 modo
391 3626 546 3694 imperialem
565 3625 738 3693 logothetam,
754 3624 829 3677 modo
846 3630 1007 3693 quaestorem
1027 3627 1142 3680 militaris
1160 3627 1253 3690 aerarii
1271 3629 1405 3682 reddidere

300 3691 467 3816 ἱιιὲεοτῗτῖιέσ.
500 3693 590 3750 laudes
608 3692 747 3747 Cabasilae
761 3691 910 3762 logothetae
926 3693 1041 3750 militaris
1059 3696 1223 3766 prosequitur
1241 3695 1404 3750 Cannense·

303 3778 321 3813 n
442 3801 450 3815 .

371 3847 407 3900 ι’λ.
429 3864 457 3901 v.
473 3847 499 3902 7.
517 3829 534 3900 d
552 3843 819 3916 armaueratque]
840 3863 965 3918 aucupum
981 3849 1112 3918 regiorum
1130 3852 1293 3934 praefectus,
1310 3851 1406 3922 quique

302 3915 461 3970 enutriendis
479 3916 643 3986 accipitribus
664 3916 755 3986 aquilis
770 3917 914 3988 falconibus
938 3923 965 3970 et
985 3919 1188 3987 praedatricibus
1213 3921 1406 3989 quibuscunque

302 3985 396 4039 avibus
410 4002 446 4067 ἀι
463 3984 627 4068 imperatoris
642 3986 760 4038 mandato
778 3994 870 4040 vacat:
889 4003 994 4054 magnus
1013 3989 1168 4041 falconarius
1187 3990 1282 4042 nostris
1304 3989 1407 4045 dicitur.

303 4054 476 4109 Andronicum
494 4055 617 4108 iuniorem
633 4056 718 4108 relert
733 4055 875 4111 Phrautzes
893 4059 908 4110 1
925 4057 958 4109 12
969 4057 1105 4128 accipitres
1117 4073 1196 4129 supra
1206 4057 1276 4114 nrille
1286 4057 1407 4130 quadrin-

304 4130 414 4194 gentos,
434 4123 593 4195 totidemque
609 4123 655 4194 qui
672 4129 806 4193 curarent,
825 4121 930 4180 aluisse.

372 4211 410 4269 ib.
428 4228 457 4264 v.
475 4212 501 4265 8.
524 4204 713 4279 ὄλογοθίτης
728 4211 785 4264 τῶν
805 4205 922 4280 ῶγιλῶν]
951 4216 1066 4266 armenta
1087 4228 1234 4285 gregesque
1255 4212 1410 4294 praecipuos

255 4305 259 4310 ’
305 4280 385 4335 fuisso
400 4297 491 4352 ragam
508 4279 669 4352 antiquorum
691 4296 784 4335 ausus
800 4296 890 4336 norae
904 4280 996 4362 literae
1012 4288 1132 4341 aurant:
1145 4288 1236 4336 erant
1252 4289 1331 4338 eham
1352 4279 1410 4352 agri
