<?xml version="1.0" encoding="UTF-8"?>
<!DOCTYPE html PUBLIC "-//W3C//DTD XHTML 1.0 Transitional//EN"
    "http://www.w3.org/TR/xhtml1/DTD/xhtml1-transitional.dtd">
<html xmlns="http://www.w3.org/1999/xhtml" xml:lang="en" lang="en">
 <head>
  <title>
</title>
<meta http-equiv="Content-Type" content="text/html;charset=utf-8" />
  <meta name='ocr-system' content='tesseract 3.04.00' />
  <meta name='ocr-capabilities' content='ocr_page ocr_carea ocr_par ocr_line ocrx_word'/>
</head>
<body>
  <div class='ocr_page' id='page_1' title='image "./corpusscriptoru23theogoog/corpusscriptoru23theogoog_0136.png"; bbox 0 0 3075 4867; ppageno 0'>
   <div class='ocr_carea' id='block_1_1' title="bbox 235 284 1343 537">
    <p class='ocr_par' dir='ltr' id='par_1_1' title="bbox 235 284 1343 537">
     <span class='ocr_line' id='line_1_1' title="bbox 240 284 1175 366; baseline -0.011 0"><span class='ocrx_word' id='word_1_1' title='bbox 240 287 312 366; x_wconf 77' lang='grc'><strong>,118</strong></span> <span class='ocrx_word' id='word_1_2' title='bbox 397 285 607 362; x_wconf 81' lang='lat' dir='ltr'>GRETSEBI</span> <span class='ocrx_word' id='word_1_3' title='bbox 619 286 676 358; x_wconf 83' lang='grc' dir='ltr'><strong>ΕΤ</strong></span> <span class='ocrx_word' id='word_1_4' title='bbox 690 284 828 359; x_wconf 78' lang='lat' dir='ltr'><strong>GOARI</strong></span> <span class='ocrx_word' id='word_1_5' title='bbox 840 285 1175 359; x_wconf 67' lang='lat' dir='ltr'>OOMOENTARIUS</span> 
     </span>
     <span class='ocr_line' id='line_1_2' title="bbox 235 439 1343 537; baseline -0.003 -23"><span class='ocrx_word' id='word_1_6' title='bbox 235 439 461 537; x_wconf 62' lang='grc' dir='ltr'><strong><em>ὄποβιβηαόσιν</em></strong></span> <span class='ocrx_word' id='word_1_7' title='bbox 475 447 511 516; x_wconf 73' lang='lat' dir='ltr'><strong>bv</strong></span> <span class='ocrx_word' id='word_1_8' title='bbox 526 450 652 516; x_wconf 74' lang='lat' dir='ltr'><strong>taucica</strong></span> <span class='ocrx_word' id='word_1_9' title='bbox 665 445 793 532; x_wconf 73' lang='grc' dir='ltr'><strong><em>ὕστερον</em></strong></span> <span class='ocrx_word' id='word_1_10' title='bbox 807 454 871 526; x_wconf 79' lang='grc' dir='ltr'><strong><em>τοῖς</em></strong></span> <span class='ocrx_word' id='word_1_11' title='bbox 889 447 1069 532; x_wconf 68' lang='grc' dir='ltr'><strong><em>ὖπιρέχοοοι</em></strong></span> <span class='ocrx_word' id='word_1_12' title='bbox 1086 445 1239 533; x_wconf 54' lang='lat' dir='ltr'><strong>aarum</strong></span> <span class='ocrx_word' id='word_1_13' title='bbox 1258 447 1343 532; x_wconf 72' lang='grc' dir='ltr'><strong><em>παραὶ</em></strong></span> 
     </span>
    </p>
   </div>
   <div class='ocr_carea' id='block_1_2' title="bbox 104 529 1474 4356">
    <p class='ocr_par' dir='ltr' id='par_1_2' title="bbox 240 529 1354 1723">
     <span class='ocr_line' id='line_1_3' title="bbox 240 529 1344 622; baseline -0.003 -21"><span class='ocrx_word' id='word_1_14' title='bbox 240 545 296 604; x_wconf 81' lang='grc' dir='ltr'><strong>τοῦ</strong></span> <span class='ocrx_word' id='word_1_15' title='bbox 309 544 363 620; x_wconf 72' lang='grc' dir='ltr'><strong>τῆς</strong></span> <span class='ocrx_word' id='word_1_16' title='bbox 382 539 529 622; x_wconf 79' lang='grc' dir='ltr'><strong><em>μακαρίας</em></strong></span> <span class='ocrx_word' id='word_1_17' title='bbox 543 531 656 618; x_wconf 77' lang='grc' dir='ltr'><strong><em>λήξεως</em></strong></span> <span class='ocrx_word' id='word_1_18' title='bbox 676 533 863 618; x_wconf 72' lang='grc' dir='ltr'><strong><em>πατριάρχου</em></strong></span> <span class='ocrx_word' id='word_1_19' title='bbox 880 529 1225 610; x_wconf 79' lang='grc' dir='ltr'><strong><em>Κωνσιαντινουπὸλεως</em></strong></span> <span class='ocrx_word' id='word_1_20' title='bbox 1242 541 1344 618; x_wconf 83' lang='grc' dir='ltr'><strong><em>Γεωρ-</em></strong></span> 
     </span>
     <span class='ocr_line' id='line_1_4' title="bbox 241 614 1345 710; baseline -0.005 -20"><span class='ocrx_word' id='word_1_21' title='bbox 241 627 311 709; x_wconf 79' lang='lat' dir='ltr'><strong>piov</strong></span> <span class='ocrx_word' id='word_1_22' title='bbox 326 627 382 689; x_wconf 81' lang='lat' dir='ltr'><strong>rori</strong></span> <span class='ocrx_word' id='word_1_23' title='bbox 400 623 570 702; x_wconf 78' lang='grc' dir='ltr'><strong><em>Ξιφιλίνου.</em></strong></span> <span class='ocrx_word' id='word_1_24' title='bbox 602 627 641 710; x_wconf 71' lang='grc' dir='ltr'><strong>τῇ</strong></span> <span class='ocrx_word' id='word_1_25' title='bbox 654 615 762 703; x_wconf 77' lang='grc' dir='ltr'><strong><em>πράξει</em></strong></span> <span class='ocrx_word' id='word_1_26' title='bbox 777 618 810 683; x_wconf 74' lang='lat' dir='ltr'><strong>bl</strong></span> <span class='ocrx_word' id='word_1_27' title='bbox 826 614 920 708; x_wconf 67' lang='grc' dir='ltr'><strong><em>ταύτῃ</em></strong></span> <span class='ocrx_word' id='word_1_28' title='bbox 934 617 1162 707; x_wconf 70' lang='grc' dir='ltr'><strong>ἐπηκολούθησε</strong></span> <span class='ocrx_word' id='word_1_29' title='bbox 1172 623 1225 684; x_wconf 73' lang='grc' dir='ltr'><strong>καὶ</strong></span> <span class='ocrx_word' id='word_1_30' title='bbox 1237 616 1345 710; x_wconf 69' lang='grc' dir='ltr'><strong><em>γνώμη</em></strong></span> 
     </span>
     <span class='ocr_line' id='line_1_5' title="bbox 242 701 1346 795; baseline -0.005 -21"><span class='ocrx_word' id='word_1_31' title='bbox 242 711 368 795; x_wconf 74' lang='grc' dir='ltr'><strong><em>γενναία</em></strong></span> <span class='ocrx_word' id='word_1_32' title='bbox 393 715 447 774; x_wconf 81' lang='grc' dir='ltr'><strong>τοῦ</strong></span> <span class='ocrx_word' id='word_1_33' title='bbox 471 708 503 772; x_wconf 75' lang='grc' dir='ltr'><strong>ἐν</strong></span> <span class='ocrx_word' id='word_1_34' title='bbox 537 704 635 790; x_wconf 75' lang='grc' dir='ltr'><strong><em>ἁγίοις</em></strong></span> <span class='ocrx_word' id='word_1_35' title='bbox 660 705 879 790; x_wconf 74' lang='grc' dir='ltr'><strong><em>ριηιροπολίιοα</em></strong></span> <span class='ocrx_word' id='word_1_36' title='bbox 908 707 1129 786; x_wconf 62' lang='lat' dir='ltr'><strong>&amp;accumulans</strong></span> <span class='ocrx_word' id='word_1_37' title='bbox 1156 701 1346 784; x_wconf 74' lang='grc' dir='ltr'><strong><em>Εὔσιαθίοο,</em></strong></span> 
     </span>
     <span class='ocr_line' id='line_1_6' title="bbox 244 785 1347 874; baseline -0.005 -14"><span class='ocrx_word' id='word_1_38' title='bbox 244 797 411 860; x_wconf 73' lang='grc' dir='ltr'><strong><em>ἐπαινοῦσα</em></strong></span> <span class='ocrx_word' id='word_1_39' title='bbox 435 792 487 856; x_wconf 77' lang='lat' dir='ltr'><strong>aab</strong></span> <span class='ocrx_word' id='word_1_40' title='bbox 507 791 666 872; x_wconf 76' lang='grc' dir='ltr'><strong><em>ἔξαίρουαα</em></strong></span> <span class='ocrx_word' id='word_1_41' title='bbox 689 789 724 854; x_wconf 75' lang='grc' dir='ltr'><strong>τὸ</strong></span> <span class='ocrx_word' id='word_1_42' title='bbox 747 787 869 873; x_wconf 78' lang='grc' dir='ltr'><strong><em>γιγοαός</em></strong></span> <span class='ocrx_word' id='word_1_43' title='bbox 887 789 931 866; x_wconf 65' lang='lat' dir='ltr'><strong>a‘a</strong></span> <span class='ocrx_word' id='word_1_44' title='bbox 957 785 1084 874; x_wconf 69' lang='grc' dir='ltr'><strong>εὐλόγως</strong></span> <span class='ocrx_word' id='word_1_45' title='bbox 1112 789 1164 854; x_wconf 77' lang='lat' dir='ltr'><strong>nat</strong></span> <span class='ocrx_word' id='word_1_46' title='bbox 1186 786 1347 874; x_wconf 76' lang='grc' dir='ltr'><strong><em>οἶμέμπιοις</em></strong></span> 
     </span>
     <span class='ocr_line' id='line_1_7' title="bbox 243 875 1348 964; baseline -0.004 -22"><span class='ocrx_word' id='word_1_47' title='bbox 243 877 389 964; x_wconf 77' lang='grc' dir='ltr'><strong><em>πραχθέν.</em></strong></span> <span class='ocrx_word' id='word_1_48' title='bbox 433 896 495 940; x_wconf 90' lang='lat' dir='ltr'><strong>cum</strong></span> <span class='ocrx_word' id='word_1_49' title='bbox 518 897 587 954; x_wconf 85' lang='lat' dir='ltr'><strong>ergo</strong></span> <span class='ocrx_word' id='word_1_50' title='bbox 607 875 673 938; x_wconf 91' lang='lat' dir='ltr'><strong>olim</strong></span> <span class='ocrx_word' id='word_1_51' title='bbox 693 877 819 956; x_wconf 86' lang='lat' dir='ltr'><strong>quinque</strong></span> <span class='ocrx_word' id='word_1_52' title='bbox 839 878 978 936; x_wconf 83' lang='lat' dir='ltr'><strong>duntaxat</strong></span> <span class='ocrx_word' id='word_1_53' title='bbox 995 877 1051 937; x_wconf 93' lang='lat' dir='ltr'><strong>hoc</strong></span> <span class='ocrx_word' id='word_1_54' title='bbox 1068 875 1197 954; x_wconf 85' lang='lat' dir='ltr'><strong>quinario</strong></span> <span class='ocrx_word' id='word_1_55' title='bbox 1220 895 1348 956; x_wconf 84' lang='lat' dir='ltr'><strong>eompre-</strong></span> 
     </span>
     <span class='ocr_line' id='line_1_8' title="bbox 245 956 1349 1042; baseline -0.001 -16"><span class='ocrx_word' id='word_1_56' title='bbox 245 967 449 1042; x_wconf 86' lang='lat' dir='ltr'><strong>henderentur‚</strong></span> <span class='ocrx_word' id='word_1_57' title='bbox 469 965 529 1021; x_wconf 86' lang='lat' dir='ltr'><strong>iure</strong></span> <span class='ocrx_word' id='word_1_58' title='bbox 550 963 677 1022; x_wconf 89' lang='lat' dir='ltr'><strong>Codinus</strong></span> <span class='ocrx_word' id='word_1_59' title='bbox 701 956 837 1024; x_wconf 75' lang='grc' dir='ltr'><strong><em>πεντάδα</em></strong></span> <span class='ocrx_word' id='word_1_60' title='bbox 856 963 1027 1040; x_wconf 83' lang='lat' dir='ltr'><strong>nominavit,</strong></span> <span class='ocrx_word' id='word_1_61' title='bbox 1047 963 1197 1042; x_wconf 83' lang='lat' dir='ltr'><strong>respiciens</strong></span> <span class='ocrx_word' id='word_1_62' title='bbox 1218 963 1349 1025; x_wconf 73' lang='lat' dir='ltr'><strong>nimbum</strong></span> 
     </span>
     <span class='ocr_line' id='line_1_9' title="bbox 246 1046 1349 1126; baseline -0.002 -15"><span class='ocrx_word' id='word_1_63' title='bbox 246 1053 283 1110; x_wconf 87' lang='lat' dir='ltr'><strong>ad</strong></span> <span class='ocrx_word' id='word_1_64' title='bbox 297 1050 497 1126; x_wconf 71' lang='lat' dir='ltr'>antiquiorem,</span> <span class='ocrx_word' id='word_1_65' title='bbox 511 1067 569 1106; x_wconf 90' lang='lat' dir='ltr'><strong>non</strong></span> <span class='ocrx_word' id='word_1_66' title='bbox 579 1049 618 1106; x_wconf 88' lang='lat' dir='ltr'><strong>ad</strong></span> <span class='ocrx_word' id='word_1_67' title='bbox 627 1047 704 1106; x_wconf 92' lang='lat' dir='ltr'><strong>illum</strong></span> <span class='ocrx_word' id='word_1_68' title='bbox 716 1067 734 1104; x_wconf 91' lang='lat' dir='ltr'><strong>a</strong></span> <span class='ocrx_word' id='word_1_69' title='bbox 747 1046 889 1124; x_wconf 86' lang='lat' dir='ltr'><strong>Xiphilino</strong></span> <span class='ocrx_word' id='word_1_70' title='bbox 903 1047 1094 1106; x_wconf 89' lang='lat' dir='ltr'><strong>introductum</strong></span> <span class='ocrx_word' id='word_1_71' title='bbox 1101 1066 1254 1108; x_wconf 81' lang='lat' dir='ltr'><strong>numerum</strong></span> <span class='ocrx_word' id='word_1_72' title='bbox 1282 1067 1349 1109; x_wconf 84' lang='lat' dir='ltr'><strong>nam</strong></span> 
     </span>
     <span class='ocr_line' id='line_1_10' title="bbox 247 1129 1350 1211; baseline -0.001 -15"><span class='ocrx_word' id='word_1_73' title='bbox 247 1142 276 1198; x_wconf 90' lang='lat' dir='ltr'><strong>et</strong></span> <span class='ocrx_word' id='word_1_74' title='bbox 293 1135 444 1196; x_wconf 88' lang='lat' dir='ltr'><strong>Balsamon</strong></span> <span class='ocrx_word' id='word_1_75' title='bbox 457 1134 487 1192; x_wconf 91' lang='lat' dir='ltr'><strong>in</strong></span> <span class='ocrx_word' id='word_1_76' title='bbox 501 1131 599 1192; x_wconf 81' lang='lat' dir='ltr'><strong>Melete</strong></span> <span class='ocrx_word' id='word_1_77' title='bbox 612 1151 663 1192; x_wconf 86' lang='lat' dir='ltr'><strong>seu</strong></span> <span class='ocrx_word' id='word_1_78' title='bbox 674 1133 878 1210; x_wconf 78' lang='lat' dir='ltr'><strong>disceptatione</strong></span> <span class='ocrx_word' id='word_1_79' title='bbox 891 1149 943 1191; x_wconf 87' lang='lat' dir='ltr'><strong>sua</strong></span> <span class='ocrx_word' id='word_1_80' title='bbox 961 1133 998 1191; x_wconf 88' lang='lat' dir='ltr'><strong>de</strong></span> <span class='ocrx_word' id='word_1_81' title='bbox 1017 1129 1110 1192; x_wconf 84' lang='lat' dir='ltr'><strong>officio</strong></span> <span class='ocrx_word' id='word_1_82' title='bbox 1125 1133 1350 1211; x_wconf 70' lang='lat' dir='ltr'><strong>chartophylacis</strong></span> 
     </span>
     <span class='ocr_line' id='line_1_11' title="bbox 247 1215 1351 1299; baseline -0.003 -17"><span class='ocrx_word' id='word_1_83' title='bbox 247 1227 278 1288; x_wconf 80' lang='lat' dir='ltr'><strong>et</strong></span> <span class='ocrx_word' id='word_1_84' title='bbox 296 1219 465 1299; x_wconf 90' lang='lat' dir='ltr'><strong>protecdici‚</strong></span> <span class='ocrx_word' id='word_1_85' title='bbox 492 1223 560 1278; x_wconf 90' lang='lat' dir='ltr'><strong>tom.</strong></span> <span class='ocrx_word' id='word_1_86' title='bbox 583 1218 601 1279; x_wconf 94' lang='lat'>1</span> <span class='ocrx_word' id='word_1_87' title='bbox 624 1217 690 1277; x_wconf 89' lang='lat' dir='ltr'><strong>iuris</strong></span> <span class='ocrx_word' id='word_1_88' title='bbox 712 1216 955 1277; x_wconf 88' lang='lat' dir='ltr'><strong>Graeco-Romani</strong></span> <span class='ocrx_word' id='word_1_89' title='bbox 970 1215 1020 1277; x_wconf 79' lang='lat' dir='ltr'><strong>fol.</strong></span> <span class='ocrx_word' id='word_1_90' title='bbox 1041 1217 1122 1296; x_wconf 83' lang='grc'><strong>456,</strong></span> <span class='ocrx_word' id='word_1_91' title='bbox 1139 1218 1265 1294; x_wconf 88' lang='lat' dir='ltr'><strong>quinque</strong></span> <span class='ocrx_word' id='word_1_92' title='bbox 1284 1225 1351 1279; x_wconf 82' lang='lat' dir='ltr'><strong>tan-</strong></span> 
     </span>
     <span class='ocr_line' id='line_1_12' title="bbox 249 1302 1351 1382; baseline -0.002 -16"><span class='ocrx_word' id='word_1_93' title='bbox 249 1307 348 1367; x_wconf 85' lang='lat' dir='ltr'><strong>tamin</strong></span> <span class='ocrx_word' id='word_1_94' title='bbox 360 1305 413 1362; x_wconf 89' lang='lat' dir='ltr'><strong>hac</strong></span> <span class='ocrx_word' id='word_1_95' title='bbox 427 1303 517 1382; x_wconf 90' lang='lat' dir='ltr'><strong>prima</strong></span> <span class='ocrx_word' id='word_1_96' title='bbox 534 1302 621 1360; x_wconf 84' lang='lat' dir='ltr'><strong>classe</strong></span> <span class='ocrx_word' id='word_1_97' title='bbox 635 1303 733 1381; x_wconf 90' lang='lat' dir='ltr'><strong>ponit,</strong></span> <span class='ocrx_word' id='word_1_98' title='bbox 753 1304 857 1362; x_wconf 89' lang='lat' dir='ltr'><strong>omisso</strong></span> <span class='ocrx_word' id='word_1_99' title='bbox 880 1303 1055 1381; x_wconf 86' lang='lat' dir='ltr'><strong>protecdico‚</strong></span> <span class='ocrx_word' id='word_1_100' title='bbox 1075 1321 1181 1380; x_wconf 88' lang='lat' dir='ltr'><strong>eosque</strong></span> <span class='ocrx_word' id='word_1_101' title='bbox 1200 1304 1270 1362; x_wconf 90' lang='lat' dir='ltr'><strong>dicit</strong></span> <span class='ocrx_word' id='word_1_102' title='bbox 1287 1321 1351 1364; x_wconf 79' lang='lat' dir='ltr'><strong>esse</strong></span> 
     </span>
     <span class='ocr_line' id='line_1_13' title="bbox 249 1387 1352 1468; baseline 0 -20"><span class='ocrx_word' id='word_1_103' title='bbox 249 1390 330 1468; x_wconf 80' lang='lat' dir='ltr'><strong>quasi</strong></span> <span class='ocrx_word' id='word_1_104' title='bbox 344 1391 468 1468; x_wconf 88' lang='lat' dir='ltr'><strong>quinque</strong></span> <span class='ocrx_word' id='word_1_105' title='bbox 481 1406 580 1447; x_wconf 83' lang='lat' dir='ltr'><strong>sensus</strong></span> <span class='ocrx_word' id='word_1_106' title='bbox 598 1387 788 1468; x_wconf 82' lang='lat' dir='ltr'>patriarchae,</span> <span class='ocrx_word' id='word_1_107' title='bbox 809 1387 910 1466; x_wconf 90' lang='lat' dir='ltr'><strong>quibus</strong></span> <span class='ocrx_word' id='word_1_108' title='bbox 929 1394 1067 1462; x_wconf 87' lang='lat' dir='ltr'><strong>tauquam</strong></span> <span class='ocrx_word' id='word_1_109' title='bbox 1086 1388 1279 1449; x_wconf 73' lang='lat' dir='ltr'><strong>instrumentis</strong></span> <span class='ocrx_word' id='word_1_110' title='bbox 1299 1407 1352 1449; x_wconf 86' lang='lat' dir='ltr'><strong>ne·</strong></span> 
     </span>
     <span class='ocr_line' id='line_1_14' title="bbox 249 1473 1353 1560; baseline -0.001 -26"><span class='ocrx_word' id='word_1_111' title='bbox 249 1477 329 1560; x_wconf 77' lang='lat' dir='ltr'><strong>gotia</strong></span> <span class='ocrx_word' id='word_1_112' title='bbox 342 1476 435 1535; x_wconf 89' lang='lat' dir='ltr'><strong>omnia</strong></span> <span class='ocrx_word' id='word_1_113' title='bbox 449 1478 625 1549; x_wconf 79' lang='lat' dir='ltr'><strong>exsequatur.</strong></span> <span class='ocrx_word' id='word_1_114' title='bbox 656 1479 740 1533; x_wconf 87' lang='lat' dir='ltr'><strong>vocat</strong></span> <span class='ocrx_word' id='word_1_115' title='bbox 756 1473 840 1532; x_wconf 80' lang='lat' dir='ltr'><strong>etiarn</strong></span> <span class='ocrx_word' id='word_1_116' title='bbox 853 1473 955 1533; x_wconf 83' lang='lat' dir='ltr'><strong>hoium</strong></span> <span class='ocrx_word' id='word_1_117' title='bbox 966 1473 1092 1552; x_wconf 83' lang='lat' dir='ltr'><strong>quinque</strong></span> <span class='ocrx_word' id='word_1_118' title='bbox 1104 1473 1353 1534; x_wconf 83' lang='lat' dir='ltr'><strong>ecclesiasticorum</strong></span> 
     </span>
     <span class='ocr_line' id='line_1_15' title="bbox 249 1551 1354 1642; baseline 0 -24"><span class='ocrx_word' id='word_1_119' title='bbox 249 1579 396 1642; x_wconf 88' lang='lat' dir='ltr'><strong>procerum</strong></span> <span class='ocrx_word' id='word_1_120' title='bbox 409 1559 562 1618; x_wconf 86' lang='lat' dir='ltr'><strong>ministeria</strong></span> <span class='ocrx_word' id='word_1_121' title='bbox 583 1555 670 1619; x_wconf 77' lang='grc' dir='ltr'><strong><em>πέντε</em></strong></span> <span class='ocrx_word' id='word_1_122' title='bbox 687 1555 832 1638; x_wconf 67' lang='lat' dir='ltr'><strong>cespitum</strong></span> <span class='ocrx_word' id='word_1_123' title='bbox 853 1551 949 1638; x_wconf 71' lang='grc' dir='ltr'><strong><em>εὐαγῆ</em></strong></span> <span class='ocrx_word' id='word_1_124' title='bbox 965 1556 1142 1642; x_wconf 65' lang='lat' dir='ltr'><strong>topadium,</strong></span> <span class='ocrx_word' id='word_1_125' title='bbox 1159 1559 1214 1617; x_wconf 91' lang='lat' dir='ltr'><strong>hoc</strong></span> <span class='ocrx_word' id='word_1_126' title='bbox 1236 1565 1298 1638; x_wconf 87' lang='lat' dir='ltr'><strong>est,</strong></span> <span class='ocrx_word' id='word_1_127' title='bbox 1318 1564 1354 1619; x_wconf 94' lang='lat' dir='ltr'><strong>ut</strong></span> 
     </span>
     <span class='ocr_line' id='line_1_16' title="bbox 249 1643 1353 1723; baseline -0.002 -19"><span class='ocrx_word' id='word_1_128' title='bbox 249 1643 387 1722; x_wconf 84' lang='lat' dir='ltr'><strong>interpres</strong></span> <span class='ocrx_word' id='word_1_129' title='bbox 402 1643 503 1723; x_wconf 86' lang='lat' dir='ltr'><strong>vertit,</strong></span> <span class='ocrx_word' id='word_1_130' title='bbox 520 1646 635 1722; x_wconf 78' lang='lat' dir='ltr'><strong>quiaque</strong></span> <span class='ocrx_word' id='word_1_131' title='bbox 652 1648 807 1702; x_wconf 72' lang='lat' dir='ltr'><strong>scortorum</strong></span> <span class='ocrx_word' id='word_1_132' title='bbox 820 1643 948 1719; x_wconf 81' lang='lat' dir='ltr'><strong>religioso</strong></span> <span class='ocrx_word' id='word_1_133' title='bbox 963 1646 1116 1705; x_wconf 74' lang='lat' dir='ltr'><strong>ratissima.</strong></span> <span class='ocrx_word' id='word_1_134' title='bbox 1147 1644 1251 1704; x_wconf 83' lang='lat' dir='ltr'><strong>rectius</strong></span> <span class='ocrx_word' id='word_1_135' title='bbox 1262 1646 1353 1705; x_wconf 85' lang='lat' dir='ltr'><strong>forte:</strong></span> 
     </span>
    </p>

    <p class='ocr_par' dir='ltr' id='par_1_3' title="bbox 104 1728 1357 2131">
     <span class='ocr_line' id='line_1_17' title="bbox 104 1728 1355 1810; baseline 0.001 -23"><span class='ocrx_word' id='word_1_136' title='bbox 104 1765 107 1770; x_wconf 92' lang='lat'><em>-</em></span> <span class='ocrx_word' id='word_1_137' title='bbox 145 1738 235 1791; x_wconf 74' lang='lat'>[¹154</span> <span class='ocrx_word' id='word_1_138' title='bbox 253 1734 368 1810; x_wconf 80' lang='lat' dir='ltr'><strong>quinque</strong></span> <span class='ocrx_word' id='word_1_139' title='bbox 387 1735 542 1787; x_wconf 72' lang='lat' dir='ltr'><strong>sauctorum</strong></span> <span class='ocrx_word' id='word_1_140' title='bbox 567 1730 732 1787; x_wconf 80' lang='lat' dir='ltr'><strong>consistoria.</strong></span> <span class='ocrx_word' id='word_1_141' title='bbox 772 1746 826 1786; x_wconf 89' lang='lat' dir='ltr'><strong>uos</strong></span> <span class='ocrx_word' id='word_1_142' title='bbox 852 1729 927 1787; x_wconf 77' lang='lat' dir='ltr'><strong>rebus</strong></span> <span class='ocrx_word' id='word_1_143' title='bbox 947 1728 1119 1806; x_wconf 76' lang='lat' dir='ltr'><strong>capediends&#39;r</strong></span> <span class='ocrx_word' id='word_1_144' title='bbox 1138 1728 1295 1808; x_wconf 67' lang='lat' dir='ltr'><strong>praefectos.</strong></span> <span class='ocrx_word' id='word_1_145' title='bbox 1323 1733 1355 1788; x_wconf 90' lang='lat' dir='ltr'><strong>et</strong></span> 
     </span>
     <span class='ocr_line' id='line_1_18' title="bbox 253 1811 1356 1892; baseline 0.003 -22"><span class='ocrx_word' id='word_1_146' title='bbox 253 1813 343 1892; x_wconf 85' lang='lat' dir='ltr'><strong>quivis</strong></span> <span class='ocrx_word' id='word_1_147' title='bbox 360 1814 460 1872; x_wconf 86' lang='lat' dir='ltr'><strong>horum</strong></span> <span class='ocrx_word' id='word_1_148' title='bbox 483 1811 607 1871; x_wconf 88' lang='lat' dir='ltr'><strong>habebat</strong></span> <span class='ocrx_word' id='word_1_149' title='bbox 627 1831 679 1869; x_wconf 88' lang='lat' dir='ltr'><strong>sua</strong></span> <span class='ocrx_word' id='word_1_150' title='bbox 698 1812 729 1869; x_wconf 90' lang='lat' dir='ltr'><strong>in</strong></span> <span class='ocrx_word' id='word_1_151' title='bbox 742 1813 886 1870; x_wconf 90' lang='lat' dir='ltr'><strong>functione</strong></span> <span class='ocrx_word' id='word_1_152' title='bbox 905 1811 999 1891; x_wconf 88' lang='lat' dir='ltr'><strong>plures</strong></span> <span class='ocrx_word' id='word_1_153' title='bbox 1017 1811 1189 1892; x_wconf 80' lang='lat' dir='ltr'><strong>adiutores,&#39;</strong></span> <span class='ocrx_word' id='word_1_154' title='bbox 1200 1833 1272 1892; x_wconf 87' lang='lat' dir='ltr'><strong>quos</strong></span> <span class='ocrx_word' id='word_1_155' title='bbox 1288 1813 1356 1873; x_wconf 77' lang='lat' dir='ltr'><strong>liul-</strong></span> 
     </span>
     <span class='ocr_line' id='line_1_19' title="bbox 252 1893 1357 1980; baseline 0.004 -22"><span class='ocrx_word' id='word_1_156' title='bbox 252 1899 351 1958; x_wconf 85' lang='lat' dir='ltr'><strong>sanion</strong></span> <span class='ocrx_word' id='word_1_157' title='bbox 372 1903 454 1956; x_wconf 86' lang='lat' dir='ltr'><strong>vocat</strong></span> <span class='ocrx_word' id='word_1_158' title='bbox 472 1897 668 1970; x_wconf 77' lang='lat' dir='ltr'><strong>chartularios,</strong></span> <span class='ocrx_word' id='word_1_159' title='bbox 687 1901 743 1960; x_wconf 80' lang='grc' dir='ltr'><strong>τοῦ</strong></span> <span class='ocrx_word' id='word_1_160' title='bbox 763 1893 859 1960; x_wconf 82' lang='grc' dir='ltr'><strong><em>κόπου</em></strong></span> <span class='ocrx_word' id='word_1_161' title='bbox 879 1894 1078 1978; x_wconf 76' lang='grc' dir='ltr'><strong><em>συμμεριοτᾶς</em></strong></span> <span class='ocrx_word' id='word_1_162' title='bbox 1096 1895 1149 1961; x_wconf 71' lang='grc' dir='ltr'><strong>καὶ</strong></span> <span class='ocrx_word' id='word_1_163' title='bbox 1170 1895 1357 1980; x_wconf 57' lang='lat' dir='ltr'><strong>perpetrantis</strong></span> 
     </span>
     <span class='ocr_line' id='line_1_20' title="bbox 253 1977 1356 2064; baseline 0 -16"><span class='ocrx_word' id='word_1_164' title='bbox 253 1977 450 2062; x_wconf 79' lang='grc' dir='ltr'><strong><em>διακονηιάς,</em></strong></span> <span class='ocrx_word' id='word_1_165' title='bbox 476 1981 576 2041; x_wconf 75' lang='lat' dir='ltr'><strong>laboris</strong></span> <span class='ocrx_word' id='word_1_166' title='bbox 597 1987 742 2060; x_wconf 80' lang='lat' dir='ltr'><strong>camertes,</strong></span> <span class='ocrx_word' id='word_1_167' title='bbox 772 1987 931 2064; x_wconf 72' lang='lat' dir='ltr'><strong>cautusque</strong></span> <span class='ocrx_word' id='word_1_168' title='bbox 954 1982 1032 2051; x_wconf 76' lang='lat' dir='ltr'><strong>illius</strong></span> <span class='ocrx_word' id='word_1_169' title='bbox 1056 2003 1104 2044; x_wconf 86' lang='grc' dir='ltr'><strong>ιια</strong></span> <span class='ocrx_word' id='word_1_170' title='bbox 1125 1987 1277 2046; x_wconf 64' lang='lat' dir='ltr'><strong>caracae</strong></span> <span class='ocrx_word' id='word_1_171' title='bbox 1308 2004 1356 2048; x_wconf 71' lang='lat' dir='ltr'><strong>scu</strong></span> 
     </span>
     <span class='ocr_line' id='line_1_21' title="bbox 253 2067 551 2131; baseline -0.02 -1"><span class='ocrx_word' id='word_1_172' title='bbox 253 2068 360 2130; x_wconf 77' lang='lat' dir='ltr'><strong>concilii</strong></span> <span class='ocrx_word' id='word_1_173' title='bbox 372 2067 551 2131; x_wconf 80' lang='lat' dir='ltr'><strong>administros.</strong></span> 
     </span>
    </p>

    <p class='ocr_par' dir='ltr' id='par_1_4' title="bbox 255 2143 1474 3586">
     <span class='ocr_line' id='line_1_22' title="bbox 339 2143 1474 2231; baseline 0 -21"><span class='ocrx_word' id='word_1_174' title='bbox 339 2150 562 2231; x_wconf 81' lang='lat' dir='ltr'><strong>Appellabantur</strong></span> <span class='ocrx_word' id='word_1_175' title='bbox 575 2150 659 2209; x_wconf 89' lang='lat' dir='ltr'><strong>iidem</strong></span> <span class='ocrx_word' id='word_1_176' title='bbox 677 2143 906 2226; x_wconf 74' lang='grc' dir='ltr'><strong><em>ἔξωιιατᾶκοιλοι</em></strong></span> <span class='ocrx_word' id='word_1_177' title='bbox 919 2146 1073 2231; x_wconf 72' lang='grc' dir='ltr'><strong><em>ἄρχοντες,</em></strong></span> <span class='ocrx_word' id='word_1_178' title='bbox 1089 2156 1122 2211; x_wconf 94' lang='lat' dir='ltr'><strong>ut</strong></span> <span class='ocrx_word' id='word_1_179' title='bbox 1134 2151 1285 2210; x_wconf 85' lang='lat' dir='ltr'><strong>Balsamou</strong></span> <span class='ocrx_word' id='word_1_180' title='bbox 1304 2153 1357 2211; x_wconf 91' lang='lat' dir='ltr'><strong>do·</strong></span> <span class='ocrx_word' id='word_1_181' title='bbox 1469 2171 1474 2177; x_wconf 81' lang='grc'><strong><em>’</em></strong></span> 
     </span>
     <span class='ocr_line' id='line_1_23' title="bbox 255 2235 1358 2315; baseline -0.002 -17"><span class='ocrx_word' id='word_1_182' title='bbox 255 2242 300 2298; x_wconf 81' lang='lat' dir='ltr'><strong>cet</strong></span> <span class='ocrx_word' id='word_1_183' title='bbox 311 2243 343 2303; x_wconf 64' lang='lat' dir='ltr'><strong>,et</strong></span> <span class='ocrx_word' id='word_1_184' title='bbox 353 2237 472 2296; x_wconf 84' lang='lat' dir='ltr'><strong>loannes</strong></span> <span class='ocrx_word' id='word_1_185' title='bbox 484 2237 606 2315; x_wconf 89' lang='lat' dir='ltr'><strong>Citrius,</strong></span> <span class='ocrx_word' id='word_1_186' title='bbox 620 2236 674 2295; x_wconf 85' lang='lat' dir='ltr'><strong>etsi</strong></span> <span class='ocrx_word' id='word_1_187' title='bbox 687 2237 717 2294; x_wconf 90' lang='lat' dir='ltr'><strong>in</strong></span> <span class='ocrx_word' id='word_1_188' title='bbox 730 2237 813 2294; x_wconf 90' lang='lat' dir='ltr'><strong>huius</strong></span> <span class='ocrx_word' id='word_1_189' title='bbox 827 2235 982 2315; x_wconf 91' lang='lat' dir='ltr'><strong>Responsis</strong></span> <span class='ocrx_word' id='word_1_190' title='bbox 995 2237 1132 2295; x_wconf 84' lang='lat' dir='ltr'><strong>scribatur</strong></span> <span class='ocrx_word' id='word_1_191' title='bbox 1145 2237 1200 2296; x_wconf 93' lang='lat' dir='ltr'><strong>hoc</strong></span> <span class='ocrx_word' id='word_1_192' title='bbox 1213 2257 1314 2296; x_wconf 91' lang='lat' dir='ltr'><strong>nomeu</strong></span> <span class='ocrx_word' id='word_1_193' title='bbox 1326 2238 1358 2296; x_wconf 88' lang='lat' dir='ltr'><strong>iu</strong></span> 
     </span>
     <span class='ocr_line' id='line_1_24' title="bbox 256 2317 1358 2406; baseline 0 -26"><span class='ocrx_word' id='word_1_194' title='bbox 256 2323 409 2406; x_wconf 86' lang='lat' dir='ltr'><strong>penultima</strong></span> <span class='ocrx_word' id='word_1_195' title='bbox 425 2341 482 2380; x_wconf 92' lang='lat' dir='ltr'><strong>non</strong></span> <span class='ocrx_word' id='word_1_196' title='bbox 496 2340 548 2398; x_wconf 89' lang='lat' dir='ltr'><strong>per</strong></span> <span class='ocrx_word' id='word_1_197' title='bbox 564 2345 591 2382; x_wconf 94' lang='grc' dir='ltr'><strong>οι</strong></span> <span class='ocrx_word' id='word_1_198' title='bbox 606 2323 658 2379; x_wconf 90' lang='lat' dir='ltr'><strong>sed</strong></span> <span class='ocrx_word' id='word_1_199' title='bbox 672 2341 723 2398; x_wconf 90' lang='lat' dir='ltr'><strong>per</strong></span> <span class='ocrx_word' id='word_1_200' title='bbox 740 2345 779 2402; x_wconf 80' lang='grc' dir='ltr'><strong>η,</strong></span> <span class='ocrx_word' id='word_1_201' title='bbox 800 2317 1034 2402; x_wconf 62' lang='lat' dir='ltr'><strong>transeamus»,</strong></span> <span class='ocrx_word' id='word_1_202' title='bbox 1050 2329 1080 2382; x_wconf 87' lang='lat' dir='ltr'><strong>et</strong></span> <span class='ocrx_word' id='word_1_203' title='bbox 1103 2320 1206 2382; x_wconf 88' lang='lat' dir='ltr'><strong>Latine</strong></span> <span class='ocrx_word' id='word_1_204' title='bbox 1218 2323 1358 2382; x_wconf 81' lang='lat' dir='ltr'><strong>Euocata-</strong></span> 
     </span>
     <span class='ocr_line' id='line_1_25' title="bbox 255 2401 1361 2486; baseline -0.002 -18"><span class='ocrx_word' id='word_1_205' title='bbox 255 2408 322 2485; x_wconf 84' lang='lat' dir='ltr'><strong>celi‚</strong></span> <span class='ocrx_word' id='word_1_206' title='bbox 345 2414 379 2467; x_wconf 92' lang='lat' dir='ltr'><strong>ut</strong></span> <span class='ocrx_word' id='word_1_207' title='bbox 395 2408 425 2465; x_wconf 90' lang='lat' dir='ltr'><strong>in</strong></span> <span class='ocrx_word' id='word_1_208' title='bbox 440 2407 564 2466; x_wconf 85' lang='lat' dir='ltr'><strong>editione</strong></span> <span class='ocrx_word' id='word_1_209' title='bbox 577 2403 723 2468; x_wconf 88' lang='lat' dir='ltr'><strong>Bonelidii.</strong></span> <span class='ocrx_word' id='word_1_210' title='bbox 748 2401 818 2464; x_wconf 90' lang='lat' dir='ltr'><strong>&#39;sed</strong></span> <span class='ocrx_word' id='word_1_211' title='bbox 837 2407 952 2468; x_wconf 84' lang='lat' dir='ltr'><strong>vitiose:</strong></span> <span class='ocrx_word' id='word_1_212' title='bbox 973 2427 1040 2466; x_wconf 88' lang='lat' dir='ltr'><strong>nam</strong></span> <span class='ocrx_word' id='word_1_213' title='bbox 1063 2412 1140 2466; x_wconf 86' lang='lat' dir='ltr'><strong>recta</strong></span> <span class='ocrx_word' id='word_1_214' title='bbox 1159 2409 1297 2486; x_wconf 85' lang='lat' dir='ltr'><strong>scriptura</strong></span> <span class='ocrx_word' id='word_1_215' title='bbox 1314 2413 1361 2468; x_wconf 83' lang='lat' dir='ltr'><strong>est</strong></span> 
     </span>
     <span class='ocr_line' id='line_1_26' title="bbox 257 2485 1361 2570; baseline -0.004 -16"><span class='ocrx_word' id='word_1_216' title='bbox 257 2485 498 2566; x_wconf 75' lang='grc' dir='ltr'><strong><em>ἐξωκατάιιοιλοι,</em></strong></span> <span class='ocrx_word' id='word_1_217' title='bbox 511 2488 614 2550; x_wconf 88' lang='lat' dir='ltr'><strong>Latine</strong></span> <span class='ocrx_word' id='word_1_218' title='bbox 623 2492 807 2550; x_wconf 81' lang='lat' dir='ltr'><strong>exocatacoetr’.</strong></span> <span class='ocrx_word' id='word_1_219' title='bbox 821 2493 943 2570; x_wconf 77' lang='lat' dir='ltr'><strong>graviter</strong></span> <span class='ocrx_word' id='word_1_220' title='bbox 959 2498 1035 2551; x_wconf 90' lang='lat' dir='ltr'><strong>errat</strong></span> <span class='ocrx_word' id='word_1_221' title='bbox 1048 2492 1158 2569; x_wconf 85' lang='lat' dir='ltr'><strong>Iunius,</strong></span> <span class='ocrx_word' id='word_1_222' title='bbox 1172 2513 1235 2554; x_wconf 91' lang='lat' dir='ltr'><strong>cum</strong></span> <span class='ocrx_word' id='word_1_223' title='bbox 1250 2512 1278 2570; x_wconf 89' lang='lat' dir='ltr'><strong>p.</strong></span> <span class='ocrx_word' id='word_1_224' title='bbox 1295 2492 1315 2554; x_wconf 77' lang='lat'>4</span> <span class='ocrx_word' id='word_1_225' title='bbox 1332 2512 1361 2551; x_wconf 74' lang='lat' dir='ltr'><strong>v,</strong></span> 
     </span>
     <span class='ocr_line' id='line_1_27' title="bbox 259 2571 1362 2656; baseline -0.005 -15"><span class='ocrx_word' id='word_1_226' title='bbox 259 2577 299 2641; x_wconf 86' lang='lat'><strong>18</strong></span> <span class='ocrx_word' id='word_1_227' title='bbox 312 2577 427 2636; x_wconf 83' lang='lat' dir='ltr'><strong>verbum</strong></span> <span class='ocrx_word' id='word_1_228' title='bbox 437 2577 492 2634; x_wconf 92' lang='lat' dir='ltr'><strong>hoc</strong></span> <span class='ocrx_word' id='word_1_229' title='bbox 504 2575 534 2633; x_wconf 90' lang='lat' dir='ltr'><strong>in</strong></span> <span class='ocrx_word' id='word_1_230' title='bbox 548 2577 605 2635; x_wconf 93' lang='lat' dir='ltr'><strong>duo</strong></span> <span class='ocrx_word' id='word_1_231' title='bbox 624 2575 737 2652; x_wconf 86' lang='lat' dir='ltr'><strong>dividit,</strong></span> <span class='ocrx_word' id='word_1_232' title='bbox 753 2571 809 2649; x_wconf 72' lang='grc' dir='ltr'><strong>ἔξω</strong></span> <span class='ocrx_word' id='word_1_233' title='bbox 821 2579 1023 2652; x_wconf 74' lang='grc' dir='ltr'><strong><em>κατακοίλων,</em></strong></span> <span class='ocrx_word' id='word_1_234' title='bbox 1040 2578 1136 2652; x_wconf 88' lang='lat' dir='ltr'><strong>itaque</strong></span> <span class='ocrx_word' id='word_1_235' title='bbox 1150 2579 1362 2656; x_wconf 86' lang='lat' dir='ltr'><strong>interpretatur,</strong></span> 
     </span>
     <span class='ocr_line' id='line_1_28' title="bbox 258 2659 1360 2742; baseline 0.001 -24"><span class='ocrx_word' id='word_1_236' title='bbox 258 2661 465 2731; x_wconf 82' lang='lat' dir='ltr'><strong>cataractarum,</strong></span> <span class='ocrx_word' id='word_1_237' title='bbox 480 2664 528 2737; x_wconf 86' lang='lat' dir='ltr'><strong>pai</strong></span> <span class='ocrx_word' id='word_1_238' title='bbox 541 2659 611 2738; x_wconf 80' lang='lat' dir='ltr'><strong>soris</strong></span> <span class='ocrx_word' id='word_1_239' title='bbox 623 2666 693 2720; x_wconf 80' lang='lat' dir='ltr'><strong>ruat.</strong></span> <span class='ocrx_word' id='word_1_240' title='bbox 711 2679 820 2738; x_wconf 86' lang='lat' dir='ltr'><strong>nugae:</strong></span> <span class='ocrx_word' id='word_1_241' title='bbox 842 2662 954 2721; x_wconf 89' lang='lat' dir='ltr'><strong>unicum</strong></span> <span class='ocrx_word' id='word_1_242' title='bbox 967 2662 1133 2721; x_wconf 83' lang='lat' dir='ltr'><strong>vocabulum</strong></span> <span class='ocrx_word' id='word_1_243' title='bbox 1146 2669 1207 2742; x_wconf 86' lang='lat' dir='ltr'><strong>est,</strong></span> <span class='ocrx_word' id='word_1_244' title='bbox 1220 2683 1279 2722; x_wconf 90' lang='lat' dir='ltr'><strong>nou</strong></span> <span class='ocrx_word' id='word_1_245' title='bbox 1294 2664 1360 2720; x_wconf 89' lang='lat' dir='ltr'><strong>duo.</strong></span> 
     </span>
     <span class='ocr_line' id='line_1_29' title="bbox 258 2739 1363 2832; baseline 0 -28"><span class='ocrx_word' id='word_1_246' title='bbox 258 2765 346 2832; x_wconf 78' lang='lat' dir='ltr'><strong>quare</strong></span> <span class='ocrx_word' id='word_1_247' title='bbox 365 2745 516 2822; x_wconf 79' lang='lat' dir='ltr'><strong>legendum</strong></span> <span class='ocrx_word' id='word_1_248' title='bbox 538 2739 813 2828; x_wconf 78' lang='grc' dir='ltr'><strong><em>ὁπροιτονοτᾶριος</em></strong></span> <span class='ocrx_word' id='word_1_249' title='bbox 835 2741 921 2826; x_wconf 77' lang='grc' dir='ltr'><strong><em>θύρα</em></strong></span> <span class='ocrx_word' id='word_1_250' title='bbox 937 2751 998 2808; x_wconf 76' lang='grc' dir='ltr'><strong>τῶν</strong></span> <span class='ocrx_word' id='word_1_251' title='bbox 1014 2747 1265 2820; x_wconf 78' lang='grc' dir='ltr'><strong><em>ἔξωκαιαιιοὶλων.</em></strong></span> <span class='ocrx_word' id='word_1_252' title='bbox 1295 2748 1363 2805; x_wconf 87' lang='lat' dir='ltr'><strong>hinc</strong></span> 
     </span>
     <span class='ocr_line' id='line_1_30' title="bbox 260 2828 1361 2908; baseline 0.004 -20"><span class='ocrx_word' id='word_1_253' title='bbox 260 2831 344 2890; x_wconf 88' lang='lat' dir='ltr'><strong>etiam</strong></span> <span class='ocrx_word' id='word_1_254' title='bbox 359 2829 537 2888; x_wconf 88' lang='lat' dir='ltr'><strong>reformanda</strong></span> <span class='ocrx_word' id='word_1_255' title='bbox 549 2828 632 2889; x_wconf 90' lang='lat' dir='ltr'><strong>lectio</strong></span> <span class='ocrx_word' id='word_1_256' title='bbox 648 2834 702 2896; x_wconf 83' lang='lat' dir='ltr'><strong>c9</strong></span> <span class='ocrx_word' id='word_1_257' title='bbox 718 2850 745 2908; x_wconf 91' lang='lat' dir='ltr'><strong>p.</strong></span> <span class='ocrx_word' id='word_1_258' title='bbox 764 2831 837 2896; x_wconf 84' lang='lat'><strong>665</strong></span> <span class='ocrx_word' id='word_1_259' title='bbox 854 2838 883 2891; x_wconf 91' lang='lat' dir='ltr'><strong>et</strong></span> <span class='ocrx_word' id='word_1_260' title='bbox 899 2832 1004 2908; x_wconf 75' lang='grc' dir='ltr'><strong>12,οοί</strong></span> <span class='ocrx_word' id='word_1_261' title='bbox 1021 2832 1117 2891; x_wconf 83' lang='lat' dir='ltr'><strong>Iunius</strong></span> <span class='ocrx_word' id='word_1_262' title='bbox 1129 2833 1163 2905; x_wconf 69' lang='grc' dir='ltr'><strong>ἓξ</strong></span> <span class='ocrx_word' id='word_1_263' title='bbox 1176 2828 1361 2906; x_wconf 66' lang='lat' dir='ltr'><strong>accisoriae,</strong></span> 
     </span>
     <span class='ocr_line' id='line_1_31' title="bbox 260 2915 1363 2995; baseline -0.001 -20"><span class='ocrx_word' id='word_1_264' title='bbox 260 2916 411 2990; x_wconf 84' lang='lat' dir='ltr'><strong>redditque</strong></span> <span class='ocrx_word' id='word_1_265' title='bbox 425 2933 471 2972; x_wconf 80' lang='lat' dir='ltr'><strong>rex</strong></span> <span class='ocrx_word' id='word_1_266' title='bbox 485 2915 619 2973; x_wconf 84' lang='lat' dir='ltr'><strong>catacoeli.</strong></span> <span class='ocrx_word' id='word_1_267' title='bbox 639 2933 725 2992; x_wconf 89' lang='lat' dir='ltr'><strong>quam</strong></span> <span class='ocrx_word' id='word_1_268' title='bbox 739 2915 886 2975; x_wconf 89' lang='lat' dir='ltr'><strong>lectionem</strong></span> <span class='ocrx_word' id='word_1_269' title='bbox 897 2917 1026 2977; x_wconf 84' lang='lat' dir='ltr'><strong>vitiosam</strong></span> <span class='ocrx_word' id='word_1_270' title='bbox 1037 2935 1109 2995; x_wconf 83' lang='lat' dir='ltr'><strong>esse,</strong></span> <span class='ocrx_word' id='word_1_271' title='bbox 1124 2917 1189 2976; x_wconf 88' lang='lat' dir='ltr'><strong>licet</strong></span> <span class='ocrx_word' id='word_1_272' title='bbox 1201 2919 1231 2975; x_wconf 91' lang='lat' dir='ltr'><strong>in</strong></span> <span class='ocrx_word' id='word_1_273' title='bbox 1245 2917 1363 2974; x_wconf 71' lang='grc' dir='ltr'><strong><em>Βοιατι-</em></strong></span> 
     </span>
     <span class='ocr_line' id='line_1_32' title="bbox 261 2999 1363 3080; baseline 0.001 -22"><span class='ocrx_word' id='word_1_274' title='bbox 261 3001 300 3058; x_wconf 87' lang='lat' dir='ltr'><strong>cis</strong></span> <span class='ocrx_word' id='word_1_275' title='bbox 316 3018 430 3076; x_wconf 89' lang='lat' dir='ltr'><strong>quoquc</strong></span> <span class='ocrx_word' id='word_1_276' title='bbox 441 2999 582 3056; x_wconf 81' lang='lat' dir='ltr'><strong>codicibus</strong></span> <span class='ocrx_word' id='word_1_277' title='bbox 596 3005 741 3078; x_wconf 79' lang='lat' dir='ltr'><strong>appareat,</strong></span> <span class='ocrx_word' id='word_1_278' title='bbox 755 3000 800 3058; x_wconf 84' lang='lat' dir='ltr'><strong>vel</strong></span> <span class='ocrx_word' id='word_1_279' title='bbox 810 3019 845 3059; x_wconf 84' lang='lat' dir='ltr'><strong>ex</strong></span> <span class='ocrx_word' id='word_1_280' title='bbox 855 3002 1042 3080; x_wconf 87' lang='lat' dir='ltr'><strong>descriptione</strong></span> <span class='ocrx_word' id='word_1_281' title='bbox 1057 3003 1241 3080; x_wconf 87' lang='lat' dir='ltr'><strong>protonotarii</strong></span> <span class='ocrx_word' id='word_1_282' title='bbox 1254 3002 1363 3060; x_wconf 87' lang='lat' dir='ltr'><strong>discere</strong></span> 
     </span>
     <span class='ocr_line' id='line_1_33' title="bbox 261 3084 1363 3168; baseline 0.004 -24"><span class='ocrx_word' id='word_1_283' title='bbox 261 3090 391 3164; x_wconf 84' lang='lat' dir='ltr'><strong>poterat,</strong></span> <span class='ocrx_word' id='word_1_284' title='bbox 408 3084 455 3142; x_wconf 91' lang='lat' dir='ltr'><strong>ubi</strong></span> <span class='ocrx_word' id='word_1_285' title='bbox 477 3085 613 3162; x_wconf 86' lang='lat' dir='ltr'><strong>scriptum</strong></span> <span class='ocrx_word' id='word_1_286' title='bbox 630 3085 659 3142; x_wconf 92' lang='lat' dir='ltr'><strong>in</strong></span> <span class='ocrx_word' id='word_1_287' title='bbox 680 3086 738 3142; x_wconf 86' lang='lat' dir='ltr'><strong>suis</strong></span> <span class='ocrx_word' id='word_1_288' title='bbox 762 3085 847 3144; x_wconf 85' lang='lat' dir='ltr'><strong>etiam</strong></span> <span class='ocrx_word' id='word_1_289' title='bbox 865 3087 1067 3165; x_wconf 83' lang='lat' dir='ltr'><strong>exemplaribus</strong></span> <span class='ocrx_word' id='word_1_290' title='bbox 1090 3089 1195 3168; x_wconf 89' lang='lat' dir='ltr'><strong>reperit</strong></span> <span class='ocrx_word' id='word_1_291' title='bbox 1214 3087 1363 3162; x_wconf 76' lang='grc' dir='ltr'><strong><em>ἐξοικατα-</em></strong></span> 
     </span>
     <span class='ocr_line' id='line_1_34' title="bbox 261 3166 1363 3250; baseline -0.002 -18"><span class='ocrx_word' id='word_1_292' title='bbox 261 3171 388 3239; x_wconf 80' lang='grc' dir='ltr'><strong><em>κοίλων,</em></strong></span> <span class='ocrx_word' id='word_1_293' title='bbox 413 3169 539 3245; x_wconf 86' lang='lat' dir='ltr'><strong>quamvis</strong></span> <span class='ocrx_word' id='word_1_294' title='bbox 552 3169 624 3228; x_wconf 90' lang='lat' dir='ltr'><strong>male</strong></span> <span class='ocrx_word' id='word_1_295' title='bbox 646 3170 779 3228; x_wconf 84' lang='lat' dir='ltr'><strong>disiunxit</strong></span> <span class='ocrx_word' id='word_1_296' title='bbox 793 3168 866 3247; x_wconf 83' lang='lat' dir='ltr'><strong>quae</strong></span> <span class='ocrx_word' id='word_1_297' title='bbox 884 3166 1080 3250; x_wconf 80' lang='lat' dir='ltr'><strong>coniungenda</strong></span> <span class='ocrx_word' id='word_1_298' title='bbox 1093 3178 1182 3233; x_wconf 87' lang='lat' dir='ltr'><strong>erant</strong></span> <span class='ocrx_word' id='word_1_299' title='bbox 1219 3166 1363 3248; x_wconf 78' lang='lat' dir='ltr'><strong>quomodo</strong></span> 
     </span>
     <span class='ocr_line' id='line_1_35' title="bbox 262 3253 1364 3334; baseline -0.001 -19"><span class='ocrx_word' id='word_1_300' title='bbox 262 3274 331 3334; x_wconf 83' lang='lat' dir='ltr'><strong>ergo</strong></span> <span class='ocrx_word' id='word_1_301' title='bbox 353 3274 429 3313; x_wconf 88' lang='lat' dir='ltr'><strong>nunc</strong></span> <span class='ocrx_word' id='word_1_302' title='bbox 448 3273 482 3312; x_wconf 87' lang='lat' dir='ltr'><strong>ex</strong></span> <span class='ocrx_word' id='word_1_303' title='bbox 509 3253 565 3328; x_wconf 73' lang='grc' dir='ltr'><strong>ἔξω</strong></span> <span class='ocrx_word' id='word_1_304' title='bbox 589 3255 721 3332; x_wconf 89' lang='lat' dir='ltr'><strong>procudit</strong></span> <span class='ocrx_word' id='word_1_305' title='bbox 738 3257 820 3314; x_wconf 90' lang='lat' dir='ltr'><strong>nobis</strong></span> <span class='ocrx_word' id='word_1_306' title='bbox 840 3255 892 3330; x_wconf 70' lang='grc' dir='ltr'><strong>ἕξῖ</strong></span> <span class='ocrx_word' id='word_1_307' title='bbox 917 3276 953 3315; x_wconf 87' lang='lat' dir='ltr'><strong>eo</strong></span> <span class='ocrx_word' id='word_1_308' title='bbox 970 3257 1037 3317; x_wconf 91' lang='lat' dir='ltr'><strong>item</strong></span> <span class='ocrx_word' id='word_1_309' title='bbox 1057 3258 1169 3317; x_wconf 87' lang='lat' dir='ltr'><strong>nomine</strong></span> <span class='ocrx_word' id='word_1_310' title='bbox 1188 3275 1247 3316; x_wconf 91' lang='lat' dir='ltr'><strong>nou</strong></span> <span class='ocrx_word' id='word_1_311' title='bbox 1265 3261 1364 3334; x_wconf 89' lang='lat' dir='ltr'><strong>potest</strong></span> 
     </span>
     <span class='ocr_line' id='line_1_36' title="bbox 263 3335 1365 3420; baseline 0.002 -20"><span class='ocrx_word' id='word_1_312' title='bbox 263 3341 330 3400; x_wconf 84' lang='lat' dir='ltr'><strong>ferri</strong></span> <span class='ocrx_word' id='word_1_313' title='bbox 350 3340 398 3398; x_wconf 89' lang='lat' dir='ltr'><strong>illa</strong></span> <span class='ocrx_word' id='word_1_314' title='bbox 418 3339 516 3418; x_wconf 87' lang='lat' dir='ltr'><strong>lectio,</strong></span> <span class='ocrx_word' id='word_1_315' title='bbox 536 3340 603 3416; x_wconf 89' lang='lat' dir='ltr'><strong>quia</strong></span> <span class='ocrx_word' id='word_1_316' title='bbox 618 3337 760 3420; x_wconf 71' lang='grc' dir='ltr'><strong><em>ἄρχοντες</em></strong></span> <span class='ocrx_word' id='word_1_317' title='bbox 776 3342 824 3399; x_wconf 84' lang='lat' dir='ltr'><strong>isti</strong></span> <span class='ocrx_word' id='word_1_318' title='bbox 835 3341 1008 3400; x_wconf 88' lang='lat' dir='ltr'><strong>vocabantur</strong></span> <span class='ocrx_word' id='word_1_319' title='bbox 1027 3349 1095 3401; x_wconf 91' lang='lat' dir='ltr'><strong>tunc</strong></span> <span class='ocrx_word' id='word_1_320' title='bbox 1112 3343 1197 3402; x_wconf 88' lang='lat' dir='ltr'><strong>etiam</strong></span> <span class='ocrx_word' id='word_1_321' title='bbox 1214 3335 1365 3416; x_wconf 72' lang='grc' dir='ltr'><strong><em>ἐξαπατά-</em></strong></span> 
     </span>
     <span class='ocr_line' id='line_1_37' title="bbox 263 3423 1364 3508; baseline -0.003 -21"><span class='ocrx_word' id='word_1_322' title='bbox 263 3431 374 3501; x_wconf 78' lang='lat' dir='ltr'><strong>acrior,</strong></span> <span class='ocrx_word' id='word_1_323' title='bbox 404 3423 519 3501; x_wconf 91' lang='lat' dir='ltr'><strong>quando</strong></span> <span class='ocrx_word' id='word_1_324' title='bbox 543 3430 623 3484; x_wconf 88' lang='lat' dir='ltr'><strong>erant</strong></span> <span class='ocrx_word' id='word_1_325' title='bbox 645 3431 757 3487; x_wconf 87' lang='lat' dir='ltr'><strong>tantum</strong></span> <span class='ocrx_word' id='word_1_326' title='bbox 775 3428 913 3506; x_wconf 86' lang='lat' dir='ltr'><strong>quinque,</strong></span> <span class='ocrx_word' id='word_1_327' title='bbox 935 3434 970 3487; x_wconf 94' lang='lat' dir='ltr'><strong>ut</strong></span> <span class='ocrx_word' id='word_1_328' title='bbox 987 3446 1023 3486; x_wconf 86' lang='lat' dir='ltr'><strong>ex</strong></span> <span class='ocrx_word' id='word_1_329' title='bbox 1043 3427 1211 3492; x_wconf 84' lang='lat' dir='ltr'><strong>Balsamone</strong></span> <span class='ocrx_word' id='word_1_330' title='bbox 1232 3426 1364 3508; x_wconf 83' lang='lat' dir='ltr'><strong>planum:</strong></span> 
     </span>
     <span class='ocr_line' id='line_1_38' title="bbox 263 3509 983 3586; baseline 0.008 -18"><span class='ocrx_word' id='word_1_331' title='bbox 263 3529 322 3570; x_wconf 90' lang='lat' dir='ltr'><strong>nou</strong></span> <span class='ocrx_word' id='word_1_332' title='bbox 337 3529 406 3586; x_wconf 86' lang='lat' dir='ltr'><strong>ergo</strong></span> <span class='ocrx_word' id='word_1_333' title='bbox 424 3529 442 3568; x_wconf 90' lang='lat' dir='ltr'><strong>a</strong></span> <span class='ocrx_word' id='word_1_334' title='bbox 462 3529 578 3568; x_wconf 88' lang='lat' dir='ltr'><strong>munero</strong></span> <span class='ocrx_word' id='word_1_335' title='bbox 593 3511 742 3578; x_wconf 89' lang='lat' dir='ltr'><strong>dictisunt</strong></span> <span class='ocrx_word' id='word_1_336' title='bbox 751 3514 785 3586; x_wconf 67' lang='grc' dir='ltr'><strong>ἓξ</strong></span> <span class='ocrx_word' id='word_1_337' title='bbox 799 3509 983 3574; x_wconf 71' lang='lat' dir='ltr'><strong>satanael-os.</strong></span> 
     </span>
    </p>

    <p class='ocr_par' dir='ltr' id='par_1_5' title="bbox 263 3591 1461 4356">
     <span class='ocr_line' id='line_1_39' title="bbox 348 3591 1366 3671; baseline 0.003 -19"><span class='ocrx_word' id='word_1_338' title='bbox 348 3595 407 3652; x_wconf 86' lang='lat' dir='ltr'><strong>Sed</strong></span> <span class='ocrx_word' id='word_1_339' title='bbox 431 3613 504 3670; x_wconf 87' lang='lat' dir='ltr'><strong>quae</strong></span> <span class='ocrx_word' id='word_1_340' title='bbox 525 3595 604 3654; x_wconf 88' lang='lat' dir='ltr'><strong>notio</strong></span> <span class='ocrx_word' id='word_1_341' title='bbox 629 3597 712 3654; x_wconf 86' lang='lat' dir='ltr'><strong>huius</strong></span> <span class='ocrx_word' id='word_1_342' title='bbox 731 3597 851 3656; x_wconf 89' lang='lat' dir='ltr'><strong>nominis</strong></span> <span class='ocrx_word' id='word_1_343' title='bbox 874 3591 1123 3671; x_wconf 66' lang='grc' dir='ltr'><strong><em>ἔξωιιατοὶιιοιλοιὲ</em></strong></span> <span class='ocrx_word' id='word_1_344' title='bbox 1142 3602 1177 3656; x_wconf 86' lang='lat' dir='ltr'><strong>ut</strong></span> <span class='ocrx_word' id='word_1_345' title='bbox 1199 3595 1281 3654; x_wconf 90' lang='lat' dir='ltr'><strong>Iunio</strong></span> <span class='ocrx_word' id='word_1_346' title='bbox 1298 3613 1366 3655; x_wconf 81' lang='lat' dir='ltr'><strong>sua-</strong></span> 
     </span>
     <span class='ocr_line' id='line_1_40' title="bbox 263 3679 1366 3761; baseline 0.004 -27"><span class='ocrx_word' id='word_1_347' title='bbox 263 3679 336 3736; x_wconf 83' lang='lat' dir='ltr'><strong>viter</strong></span> <span class='ocrx_word' id='word_1_348' title='bbox 349 3679 380 3736; x_wconf 87' lang='lat' dir='ltr'><strong>de</strong></span> <span class='ocrx_word' id='word_1_349' title='bbox 396 3679 513 3736; x_wconf 78' lang='lat' dir='ltr'><strong>uallibus</strong></span> <span class='ocrx_word' id='word_1_350' title='bbox 530 3685 556 3736; x_wconf 84' lang='lat' dir='ltr'><strong>et</strong></span> <span class='ocrx_word' id='word_1_351' title='bbox 573 3679 736 3740; x_wconf 72' lang='lat' dir='ltr'><strong>deecclesia</strong></span> <span class='ocrx_word' id='word_1_352' title='bbox 753 3685 783 3740; x_wconf 83' lang='lat' dir='ltr'><strong>in</strong></span> <span class='ocrx_word' id='word_1_353' title='bbox 801 3683 912 3741; x_wconf 77' lang='lat' dir='ltr'><strong>editiore</strong></span> <span class='ocrx_word' id='word_1_354' title='bbox 931 3683 988 3741; x_wconf 84' lang='lat' dir='ltr'><strong>laco</strong></span> <span class='ocrx_word' id='word_1_355' title='bbox 1016 3682 1096 3760; x_wconf 83' lang='lat' dir='ltr'><strong>Cpolr‘</strong></span> <span class='ocrx_word' id='word_1_356' title='bbox 1111 3701 1207 3761; x_wconf 74' lang='lat' dir='ltr'><strong>seraper</strong></span> <span class='ocrx_word' id='word_1_357' title='bbox 1223 3683 1366 3740; x_wconf 67' lang='lat' dir='ltr'><strong>mametis</strong></span> 
     </span>
     <span class='ocr_line' id='line_1_41' title="bbox 264 3761 1367 3844; baseline 0 -23"><span class='ocrx_word' id='word_1_358' title='bbox 264 3761 474 3842; x_wconf 89' lang='lat' dir='ltr'><strong>philosophanti</strong></span> <span class='ocrx_word' id='word_1_359' title='bbox 507 3764 662 3842; x_wconf 84' lang='lat' dir='ltr'><strong>assentiar,</strong></span> <span class='ocrx_word' id='word_1_360' title='bbox 689 3766 862 3825; x_wconf 88' lang='lat' dir='ltr'><strong>committere</strong></span> <span class='ocrx_word' id='word_1_361' title='bbox 896 3786 955 3826; x_wconf 91' lang='lat' dir='ltr'><strong>non</strong></span> <span class='ocrx_word' id='word_1_362' title='bbox 985 3785 1108 3844; x_wconf 85' lang='lat' dir='ltr'><strong>possum.</strong></span> <span class='ocrx_word' id='word_1_363' title='bbox 1150 3767 1202 3826; x_wconf 86' lang='lat' dir='ltr'><strong>sed</strong></span> <span class='ocrx_word' id='word_1_364' title='bbox 1228 3785 1293 3824; x_wconf 88' lang='lat' dir='ltr'><strong>emn</strong></span> <span class='ocrx_word' id='word_1_365' title='bbox 1317 3764 1367 3842; x_wconf 90' lang='lat' dir='ltr'><strong>qui</strong></span> 
     </span>
     <span class='ocr_line' id='line_1_42' title="bbox 265 3846 1367 3929; baseline -0.001 -22"><span class='ocrx_word' id='word_1_366' title='bbox 265 3865 300 3908; x_wconf 82' lang='lat' dir='ltr'><strong>ex</strong></span> <span class='ocrx_word' id='word_1_367' title='bbox 324 3846 514 3905; x_wconf 79' lang='lat' dir='ltr'><strong>exaratocoeb&#39;s</strong></span> <span class='ocrx_word' id='word_1_368' title='bbox 537 3848 619 3907; x_wconf 87' lang='lat' dir='ltr'><strong>nobis</strong></span> <span class='ocrx_word' id='word_1_369' title='bbox 642 3852 789 3911; x_wconf 79' lang='lat' dir='ltr'><strong>catacoelor</strong></span> <span class='ocrx_word' id='word_1_370' title='bbox 817 3854 963 3929; x_wconf 88' lang='lat' dir='ltr'><strong>procudit,</strong></span> <span class='ocrx_word' id='word_1_371' title='bbox 991 3851 1092 3910; x_wconf 87' lang='lat' dir='ltr'><strong>falsam</strong></span> <span class='ocrx_word' id='word_1_372' title='bbox 1123 3851 1219 3911; x_wconf 90' lang='lat' dir='ltr'><strong>itidem</strong></span> <span class='ocrx_word' id='word_1_373' title='bbox 1244 3850 1367 3926; x_wconf 86' lang='lat' dir='ltr'><strong>origina-</strong></span> 
     </span>
     <span class='ocr_line' id='line_1_43' title="bbox 263 3931 1368 4014; baseline 0.001 -23"><span class='ocrx_word' id='word_1_374' title='bbox 263 3934 370 3991; x_wconf 89' lang='lat' dir='ltr'><strong>tionem</strong></span> <span class='ocrx_word' id='word_1_375' title='bbox 382 3931 518 3990; x_wconf 87' lang='lat' dir='ltr'><strong>fabricare</strong></span> <span class='ocrx_word' id='word_1_376' title='bbox 531 3950 583 3990; x_wconf 93' lang='lat' dir='ltr'><strong>nec</strong></span> <span class='ocrx_word' id='word_1_377' title='bbox 602 3933 724 3994; x_wconf 85' lang='lat' dir='ltr'><strong>insolens</strong></span> <span class='ocrx_word' id='word_1_378' title='bbox 742 3955 794 3995; x_wconf 90' lang='lat' dir='ltr'><strong>nec</strong></span> <span class='ocrx_word' id='word_1_379' title='bbox 811 3955 914 3996; x_wconf 82' lang='lat' dir='ltr'><strong>norum</strong></span> <span class='ocrx_word' id='word_1_380' title='bbox 932 3937 1021 3995; x_wconf 83' lang='lat' dir='ltr'><strong>rideri</strong></span> <span class='ocrx_word' id='word_1_381' title='bbox 1041 3936 1127 3995; x_wconf 86' lang='lat' dir='ltr'><strong>debet</strong></span> <span class='ocrx_word' id='word_1_382' title='bbox 1132 3975 1144 4014; x_wconf 92' lang='lat'>‚</span> <span class='ocrx_word' id='word_1_383' title='bbox 1156 3937 1241 3994; x_wconf 77' lang='lat' dir='ltr'><strong>cuius</strong></span> <span class='ocrx_word' id='word_1_384' title='bbox 1258 3934 1368 3993; x_wconf 79' lang='lat' dir='ltr'><strong>falsitas</strong></span> 
     </span>
     <span class='ocr_line' id='line_1_44' title="bbox 264 4013 1451 4099; baseline 0.003 -23"><span class='ocrx_word' id='word_1_385' title='bbox 264 4018 349 4076; x_wconf 85' lang='lat' dir='ltr'><strong>cuivis</strong></span> <span class='ocrx_word' id='word_1_386' title='bbox 363 4015 469 4093; x_wconf 86' lang='lat' dir='ltr'><strong>absque</strong></span> <span class='ocrx_word' id='word_1_387' title='bbox 479 4036 558 4086; x_wconf 76' lang='lat' dir='ltr'><strong>mora</strong></span> <span class='ocrx_word' id='word_1_388' title='bbox 571 4019 728 4098; x_wconf 84' lang='lat' dir='ltr'><strong>subolebit,</strong></span> <span class='ocrx_word' id='word_1_389' title='bbox 745 4023 793 4099; x_wconf 90' lang='lat' dir='ltr'><strong>qui</strong></span> <span class='ocrx_word' id='word_1_390' title='bbox 807 4021 876 4081; x_wconf 88' lang='lat' dir='ltr'><strong>haec</strong></span> <span class='ocrx_word' id='word_1_391' title='bbox 888 4021 960 4081; x_wconf 90' lang='lat' dir='ltr'><strong>Iunii</strong></span> <span class='ocrx_word' id='word_1_392' title='bbox 974 4021 1133 4080; x_wconf 76' lang='lat' dir='ltr'><strong>resbacum</strong></span> <span class='ocrx_word' id='word_1_393' title='bbox 1149 4039 1236 4079; x_wconf 87' lang='lat' dir='ltr'><strong>sensu</strong></span> <span class='ocrx_word' id='word_1_394' title='bbox 1246 4037 1370 4099; x_wconf 72' lang='lat' dir='ltr'><strong>perpran-</strong></span> <span class='ocrx_word' id='word_1_395' title='bbox 1441 4013 1451 4032; x_wconf 83' lang='lat'>&#39;</span> 
     </span>
     <span class='ocr_line' id='line_1_45' title="bbox 264 4101 1371 4186; baseline 0 -25"><span class='ocrx_word' id='word_1_396' title='bbox 264 4105 352 4161; x_wconf 85' lang='lat' dir='ltr'><strong>derit:</strong></span> <span class='ocrx_word' id='word_1_397' title='bbox 373 4103 506 4161; x_wconf 73' lang='lat' dir='ltr'><strong>mactatae</strong></span> <span class='ocrx_word' id='word_1_398' title='bbox 517 4101 639 4164; x_wconf 80' lang='lat' dir='ltr'><strong>ecclesiae</strong></span> <span class='ocrx_word' id='word_1_399' title='bbox 653 4113 780 4185; x_wconf 83' lang='lat' dir='ltr'><strong>praeerat</strong></span> <span class='ocrx_word' id='word_1_400' title='bbox 791 4108 966 4186; x_wconf 79' lang='lat' dir='ltr'><strong>patriarcha,</strong></span> <span class='ocrx_word' id='word_1_401' title='bbox 984 4107 1095 4184; x_wconf 77' lang='lat' dir='ltr'><strong>reliquis</strong></span> <span class='ocrx_word' id='word_1_402' title='bbox 1110 4113 1231 4185; x_wconf 72' lang='lat' dir='ltr'><strong>pactores</strong></span> <span class='ocrx_word' id='word_1_403' title='bbox 1242 4108 1303 4179; x_wconf 79' lang='lat' dir='ltr'><strong>uei,</strong></span> <span class='ocrx_word' id='word_1_404' title='bbox 1321 4105 1371 4182; x_wconf 84' lang='lat' dir='ltr'><strong>qui</strong></span> 
     </span>
     <span class='ocr_line' id='line_1_46' title="bbox 264 4185 1372 4270; baseline 0.005 -29"><span class='ocrx_word' id='word_1_405' title='bbox 264 4187 419 4248; x_wconf 79' lang='lat' dir='ltr'><strong>‹ltceboatar</strong></span> <span class='ocrx_word' id='word_1_406' title='bbox 435 4187 578 4259; x_wconf 80' lang='lat' dir='ltr'><strong>saturnali,</strong></span> <span class='ocrx_word' id='word_1_407' title='bbox 598 4187 673 4250; x_wconf 80' lang='lat' dir='ltr'><strong>acroi</strong></span> <span class='ocrx_word' id='word_1_408' title='bbox 686 4185 739 4265; x_wconf 78' lang='grc' dir='ltr'><strong>ταῖς</strong></span> <span class='ocrx_word' id='word_1_409' title='bbox 750 4186 893 4261; x_wconf 74' lang='grc' dir='ltr'><strong><em>κοιλάδας</em></strong></span> <span class='ocrx_word' id='word_1_410' title='bbox 911 4190 1016 4270; x_wconf 64' lang='lat' dir='ltr'><strong>maguti</strong></span> <span class='ocrx_word' id='word_1_411' title='bbox 1034 4199 1227 4251; x_wconf 78' lang='lat' dir='ltr'><strong>commorantes.</strong></span> <span class='ocrx_word' id='word_1_412' title='bbox 1266 4189 1372 4250; x_wconf 86' lang='lat' dir='ltr'><strong>scilicet</strong></span> 
     </span>
     <span class='ocr_line' id='line_1_47' title="bbox 266 4271 1461 4356; baseline 0.001 -24"><span class='ocrx_word' id='word_1_413' title='bbox 266 4271 349 4354; x_wconf 83' lang='lat' dir='ltr'><strong>Gpoli</strong></span> <span class='ocrx_word' id='word_1_414' title='bbox 361 4290 458 4334; x_wconf 89' lang='lat' dir='ltr'><strong>omnes</strong></span> <span class='ocrx_word' id='word_1_415' title='bbox 474 4273 587 4354; x_wconf 89' lang='lat' dir='ltr'><strong>parochi</strong></span> <span class='ocrx_word' id='word_1_416' title='bbox 604 4275 771 4338; x_wconf 89' lang='lat' dir='ltr'><strong>habitabant</strong></span> <span class='ocrx_word' id='word_1_417' title='bbox 786 4278 816 4336; x_wconf 90' lang='lat' dir='ltr'><strong>in</strong></span> <span class='ocrx_word' id='word_1_418' title='bbox 832 4275 968 4356; x_wconf 82' lang='lat' dir='ltr'><strong>vallibus,</strong></span> <span class='ocrx_word' id='word_1_419' title='bbox 982 4276 1075 4337; x_wconf 85' lang='lat' dir='ltr'><strong>nullus</strong></span> <span class='ocrx_word' id='word_1_420' title='bbox 1090 4277 1120 4336; x_wconf 91' lang='lat' dir='ltr'><strong>in</strong></span> <span class='ocrx_word' id='word_1_421' title='bbox 1131 4275 1281 4337; x_wconf 86' lang='lat' dir='ltr'><strong>excelsiore</strong></span> <span class='ocrx_word' id='word_1_422' title='bbox 1293 4273 1373 4336; x_wconf 78' lang='lat' dir='ltr'><strong>uubis</strong></span> <span class='ocrx_word' id='word_1_423' title='bbox 1454 4333 1461 4356; x_wconf 71' lang='lat'>‚</span> 
     </span>
    </p>
   </div>
   <div class='ocr_carea' id='block_1_3' title="bbox 0 0 1575 4867">
    <p class='ocr_par' dir='ltr' id='par_1_6' title="bbox 0 0 1575 4867">
     <span class='ocr_line' id='line_1_48' title="bbox 0 0 1575 4867; baseline 0 0"><span class='ocrx_word' id='word_1_424' title='bbox 0 0 1575 4867; x_wconf 95' lang='lat' dir='ltr'><strong> </strong></span> 
     </span>
    </p>
   </div>
  </div>
 </body>
</html>
