3075 4867
420 243 841 318 leonumlonum
859 245 971 314 XXII·
1082 185 1085 192 Ι
1186 248 1262 320 381
1348 184 1353 199 Ι

148 411 277 492 ἐσθῆτα
289 405 440 495 λαμπράν.
482 409 559 471 Besa
577 409 662 472 vertit
689 409 869 491 perdidero,
889 410 1027 489 interpres
1043 412 1140 470 noster
1160 411 1260 474 ullum.

146 498 303 578 approbat
322 498 377 558 hoe
405 497 605 573 Casaubonus,
636 494 703 572 qnia*
724 491 864 578 λαμπρόν
883 501 914 554 et
935 489 1041 558 λονκὸν
1058 514 1144 576 saepe
1163 498 1264 560 eodem

146 585 317 662 significatu
332 589 512 662 usurpantur.
531 581 601 641 illud
622 581 718 641 critica
731 582 821 641 ferula
839 581 881 638 eie
896 581 1032 658 castigat:
1052 583 1143 658 magis
1157 601 1193 642 ex
1208 603 1263 644 usu

129 669 262 730 ¹Latine
282 668 458 746 loquentium
474 666 611 750 dixissent
628 666 777 727 condidam.
799 665 900 726 mirum
925 664 1030 727 Bezam
1050 665 1184 727 hoeloeo
1203 689 1263 730 non

145 757 244 814 tuisse
263 773 416 814 memorem
436 772 507 814 suae
526 751 687 830 candidae,·
702 771 721 810 a
742 750 849 811 fossone
875 751 1039 828 modernis,
1061 752 1139 810 cuius
1161 753 1263 816 iterum

145 839 262 900 oblitus
276 846 322 898 est
335 840 432 899 Iacobi
444 861 467 899 e.
483 843 519 914 2,
541 837 609 896 dum
622 835 737 916 ἐσθῆτα
749 834 808 917 τήν
829 831 970 917 λαμπράν
985 836 1078 894 denno
1098 837 1264 915 splendidum

144 932 251 986 uestem
265 925 475 1004 interpretatur.
495 923 600 982 bonam
619 927 716 982 tamen
738 941 872 1002 operam,
893 923 946 982 sed
961 921 1043 980 nimis
1063 941 1156 982 seram
1176 931 1264 984 navat

144 1011 237 1068 nobis
261 1015 357 1068 asceta
375 1011 445 1087 iste,
469 1009 537 1068 dum
561 1025 614 1067 nos
639 1008 723 1066 docet
752 1008 822 1083 quid
847 1008 886 1066 sit
909 1008 1101 1091 μαργὲλλιον,
1131 1008 1184 1067 sed
1210 1029 1263 1089 per

143 1095 352 1173 negationem:
373 1095 414 1155 ait
433 1094 509 1152 enim
525 1093 722 1173 imperatorem
739 1093 840 1152 citrina
859 1093 1027 1154 vestimenta
1041 1112 1199 1170 assumere,
1215 1095 1262 1154 red

143 1185 207 1240 cine
222 1181 313 1240 limbis
327 1185 353 1238 et
363 1183 487 1259 pretiosis
494 1181 687 1258 praetenturis:
708 1178 756 1238 lucc
768 1179 934 1255 margellinus
946 1182 1021 1256 signi
1091 1222 1101 1252 ‚
1121 1199 1173 1238 oon
1186 1199 1261 1238 snor-

142 1270 273 1342 goritar.
293 1264 396 1344 audis,
413 1264 493 1341 Iuni,
514 1263 584 1339 quid
602 1268 632 1321 te
645 1262 710 1322 olim
728 1263 860 1322 Genevne
882 1263 1002 1322 incolam
1015 1263 1117 1323 doeeat
1132 1264 1260 1323 eiusdem

143 1351 269 1409 scholae
282 1351 426 1425 quondam
441 1356 471 1408 et
490 1349 567 1407 urbis
580 1348 703 1424 insessor
722 1347 933 1408 casaubonus?
953 1349 1034 1408 mitte
1054 1368 1126 1426 ergo
1143 1351 1258 1410 tandem

143 1443 216 1494 tues
230 1435 408 1512 margaritas.
429 1432 526 1494 vocavi
545 1451 647 1512 οραοοι
668 1439 902 1512 rernm-respectu
922 1434 1029 1510 nostri,
1052 1435 1120 1510 quia
1132 1435 1188 1494 iam
1201 1435 1258 1513 pri-
1286 1493 1287 1497 ,

145 1523 216 1582 dem
231 1539 268 1580 ex
281 1519 450 1580 Balsamone
462 1523 493 1579 et
506 1519 565 1576 aliis
577 1518 721 1576 didicimus
736 1519 805 1596 quid
817 1520 876 1578 sint
889 1520 1039 1595 morgeltio.

220 1633 249 1686 p.
263 1617 314 1670 106
326 1632 353 1671 v.
368 1615 409 1674 14.
424 1609 644 1684 τεσσαράκοντα]
672 1615 850 1668 defunctorum
868 1614 1021 1669 recolendae
1037 1611 1172 1668 memorias
1187 1614 1258 1670 sacri

145 1691 210 1740 suut
220 1685 280 1738 dies
292 1685 402 1751 tertius,
418 1700 516 1751 nonus,
535 1683 757 1752 quadragesimus,
773 1689 800 1736 et
811 1701 909 1738 annuus
925 1690 1045 1738 amorte.
1063 1687 1122 1745 τοῖς
1135 1684 1256 1738 τεθνεῶ-

144 1772 194 1808 σιν
211 1749 408 1821 terestrem,
425 1752 508 1820 inquit
523 1751 687 1820 Nicephorus
705 1751 842 1815 Callistus,
860 1750 897 1806 τά
912 1753 1010 1819 τρίτα,
1031 1747 1067 1806 τοὶ
1086 1748 1189 1805 ἔννατα
1207 1751 1255 1806 καὶ

143 1819 184 1876 τοὶ
201 1817 421 1891 τεσσαρακοοτοί.
439 1821 553 1872 rationes
563 1821 666 1873 subdit:
682 1821 757 1874 tertio
770 1822 812 1874 die
825 1823 918 1890 faciei,
935 1838 986 1891 qna
1001 1821 1026 1873 di
1046 1821 1160 1875 noscitur
1172 1823 1256 1888 horno,
1364 1873 1368 1879 ,

145 1891 292 1944 discrimen
311 1890 476 1960 deperditum
492 1904 559 1943 nono
576 1905 669 1960 corpus
691 1890 817 1955 tabescit,
841 1891 897 1944 solo
915 1892 1023 1944 cordes
1057 1905 1091 1942 nc
1106 1891 1255 1960 incomupto

145 1965 288 2026 manente3
306 1958 498 2030 quadragesimo
514 1957 617 2011 tandem
634 1957 710 2010 ctiam
726 1975 772 2011 cor
788 1975 845 2012 eum
866 1959 964 2028 reliqua
980 1959 1095 2028 corporis
1112 1960 1178 2012 mole
1193 1960 1255 2014 tabo

144 2029 364 2100 corruptionique
377 2046 410 2081 ex
425 2027 524 2096 integro
541 2026 618 2080 cedit.
636 2026 720 2098 aptius
737 2025 782 2080 elii
796 2022 834 2080 tol
849 2027 928 2095 τρίτα
946 2028 1015 2098 apud
1032 2029 1150 2081 Graecos
1167 2036 1255 2082 resur-

144 2099 290 2152 rectionem
305 2095 404 2150 Christi
418 2102 479 2166 post
493 2095 634 2150 triduanam
648 2095 818 2168 sepulturam,
835 2093 872 2151 soi
890 2093 993 2150 ἔννατα
1004 2113 1097 2150 uorem
1107 2098 1255 2167 augelorum

144 2169 257 2232 choros,
283 2167 375 2236 quibus
397 2171 512 2218 mortuos
534 2163 671 2232 aggregari
691 2172 845 2236 precantur,
872 2160 909 2217 τοὶ
931 2162 1136 2232 τεοοαρααοοτοί
1161 2166 1256 2220 luctum

143 2235 285 2289 israelitici
308 2233 396 2306 populi
420 2233 447 2286 in
470 2233 571 2302 Moysis
596 2239 679 2286 morte
700 2233 733 2285 ed
758 2233 977 2304 quadragesimum
999 2250 1080 2302 usque
1102 2235 1169 2288 diem
1191 2252 1256 2304 pro·

144 2305 269 2372 ductum,
288 2321 341 2374 quo
357 2303 484 2357 defunctis
499 2302 616 2356 lacrimas
633 2318 774 2372 precesque
797 2311 934 2372 parentare
955 2319 1106 2373 possumus,
1125 2304 1257 2357 affirmant

146 2374 299 2443 designare.
315 2373 388 2426 huius
404 2370 497 2425 mentis
515 2376 555 2423 est
572 2370 726 2442 Neophytos
743 2371 859 2425 Rhodius
874 2371 902 2425 in
914 2387 962 2425 sua
978 2370 1092 2442 Syuopsi
1107 2373 1255 2441 ranicula,

144 2444 309 2496 Clementem
324 2442 351 2496 in
369 2441 479 2494 Constit.
496 2439 587 2510 Apost.
603 2439 655 2512 l.8
671 2457 694 2493 c.
711 2439 747 2493 49
766 2449 878 2496 secutus.

215 2545 245 2598 p.
259 2528 311 2581 107
323 2544 350 2579 v.
364 2529 388 2580 1.
409 2526 465 2578 τῶν
481 2519 682 2593 νενομισμένων
699 2516 839 2592 ticenae]
861 2525 895 2578 de
912 2525 1003 2594 quibus
1025 2526 1158 2598 superiore
1180 2531 1251 2582 note.

144 2611 235 2649 sacros
251 2597 280 2648 in
299 2594 372 2648 feriis
388 2593 493 2664 agendis
509 2611 599 2646 novem
614 2593 668 2646 dies
684 2595 766 2646 reiert
790 2594 938 2658 Blesteres,
963 2595 1015 2648 τοῦ
1030 2599 1057 2646 Δ
1072 2595 1209 2665 στοιχείου
1226 2614 1253 2651 c.

145 2667 181 2732 8,
197 2665 266 2718 adeo
284 2669 315 2716 ut
331 2663 434 2721 Alesios
450 2664 587 2731 imperator
604 2661 673 2714 edita
689 2660 801 2715 Novella
816 2663 932 2715 sanxerit
947 2665 1039 2716 nemini
1054 2665 1133 2718 licere
1151 2665 1252 2718 demor-

144 2734 185 2786 tui
202 2739 328 2803 parentcs
345 2732 388 2786 vel
402 2748 508 2785 uxorem
529 2731 573 2784 rel
589 2729 699 2784 heredes
717 2731 759 2786 sel
779 2729 942 2786 fideiussores
965 2739 1027 2786 unte
1045 2751 1135 2787 novem
1152 2733 1251 2787 dierum

143 2801 227 2856 luctui
245 2800 414 2856 moritorum
447 2799 591 2854 rsefinitum
606 2805 706 2871 tempus
721 2814 843 2857 accustus
881 2816 983 2855 ceussm
1002 2801 1030 2854 iu
1052 2820 1098 2857 eos
1121 2803 1251 2856 intentare

144 2871 189 2924 vel
204 2872 231 2924 in
248 2869 369 2924 indicium
390 2819 510 2926 ualeret
534 2869 700 2953 teopltopsn
719 2866 819 2952 pudent
840 2838 944 2953 ίξεῖνρι
964 2871 1018 2924 τοῦ
1036 2868 1250 2955 τελεντήοαντορ

143 2933 212 3002 τοὺς
229 2943 323 3008 γονεῖς
338 2933 358 3006 ἢ
374 2937 427 3078 epu
441 2940 597 3008 νοναῖααη
617 2932 683 2998 τοὺς
697 2941 889 3007 κληρονομονς
911 2958 931 3008 η
954 2933 1020 3000 τούς
1043 2937 1177 3026 tyanaeus
1191 2937 1250 3021 sod

143 3010 195 3076 τῆς
210 3010 270 3093 epis
287 3001 369 3062 ἐννέα
411 3009 502 3078 μεροῖν
516 3007 690 3082 προθεσμίας
703 3008 754 3060 τοῦ
770 3001 897 3069 πένθους
912 3003 1060 3062 αἰτιᾶσθαι
1078 3027 1095 3078 η
1111 3026 1248 3080 παρενοχ-

143 3079 204 3132 λεῖν
221 3096 241 3146 η
259 3071 300 3140 τίς
316 3075 495 3147 δικαστήριον
514 3073 613 3131 ituris.

234 3169 273 3229 ih.
301 3185 328 3226 v.
348 3165 378 3228 l.
412 3169 568 3243 caeterum,
594 3164 672 3240 quod
697 3165 826 3224 Codinus
845 3165 884 3223 ad
901 3165 1004 3223 calcem
1024 3166 1123 3245 eapitis
1140 3167 1247 3245 scribit·

146 3252 230 3310 nefas
250 3270 314 3310 esse
326 3257 360 3309 ut
380 3251 443 3326 quis
455 3256 547 3308 vestes
567 3250 663 3326 nigras
680 3250 710 3308 in
731 3250 838 3330 palatio
855 3256 967 3329 portet,
988 3252 1018 3309 id
1036 3252 1246 3328 intelligendum

148 3341 195 3395 est
210 3343 293 3396 extra
308 3355 404 3396 castrm
418 3354 474 3411 quo
494 3335 556 3416 ipse
574 3335 726 3414 imperator
747 3335 844 3412 luget:
864 3340 933 3395 tone
946 3337 1020 3398 enim
1038 3356 1135 3397 omnes
1155 3342 1247 3421 pstu-

148 3426 363 3503 vscpoumittv,
382 3427 416 3481 ut
435 3421 519 3502 paulo
532 3426 617 3482 antea
634 3421 760 3482 Codinus
774 3420 893 3481 dicebat.

596 3681 794 3694 m

453 3889 939 3971 CAPUTXVI.

217 4079 299 4139 itas.
312 4070 507 4159 liquescentes]
524 4093 555 4132 es
571 4093 634 4148 epm
652 4078 695 4132 ool
709 4093 787 4132 cum
811 4076 916 4132 desilire
937 4079 1058 4157 sepedo
1074 4076 1197 4153 tradere.
1213 4113 1228 4149 ς,

232 4151 321 4229 ibid(
340 4171 379 4235 ad
404 4167 522 4245 fontem]
557 4162 643 4250 πηγή
669 4187 720 4226 seu
748 4166 844 4249 πηγαί
872 4159 1009 4249 templum
1038 4152 1243 4228 celeberrimum

148 4247 234 4332 cpoli
246 4259 326 4318 aar
343 4254 471 4337 moenia,
490 4252 568 4314 cuins
581 4257 705 4315 summus
721 4254 998 4315 amator-admiratos
1015 4259 1046 4313 et
1059 4251 1242 4314 encomiastes
