3075 4867
274 331 349 407 tae
430 327 638 401 amasam
652 329 708 398 aa
722 327 856 398 corna
869 317 1205 399 conumeratus
1293 308 1297 316 '

269 499 289 560 l.
304 495 324 563 4
338 494 419 579 epist.
430 492 472 561 34
482 497 608 560 nominat
621 513 654 557 aa
665 495 831 558 sacellanum
842 493 1009 557 &manum
1111 497 1269 570 ‘interdurn
1283 496 1377 575 inquit

270 584 408 644 Batonius
427 579 509 664 (tona
531 589 551 652 8
573 599 649 644 enno
671 583 779 643 Christi
800 583 862 647 695
879 601 955 642 nunt.
979 585 1018 647 17
1048 587 1079 644 io
1097 586 1174 643 tc'atu
1190 583 1318 660 Gregorii
1324 597 1379 662 pro

271 671 441 730 sacellarium
461 669 518 746 legi
530 669 619 728 debere
635 667 832 743 saccellarium,
853 672 931 750 quad
949 689 968 726 a
987 669 1109 728 saccellis
1125 674 1257 747 sumptus
1276 687 1377 742 mmor,

270 757 342 836 quod
353 759 421 813 satis
434 757 489 832 ipsc
499 755 645 831 Gregorius
658 753 748 828 docet,
761 751 824 810 duos
837 754 949 812 ostendit
958 753 1221 832 saoellariurofuisse
1232 753 1379 812 uecors-

271 845 341 899 ηἰιηι
353 840 626 919 pccuoa'aepublicae,
642 842 718 899 cuius
732 840 771 896 rei
789 841 883 913 gratia
901 841 1015 920 maduit
1027 839 1083 916 ipsi
1097 840 1212 898 creditos
1224 857 1278 897 csse
1291 854 1377 917 pecu

271 930 378 984 uiarum
397 924 531 998 sacculos,
551 925 581 982 ob
594 924 673 1002 idque
687 923 856 982 sacellarios·
876 923 975 983 dicture
998 941 1060 984 esse.
1102 925 1164 983 huic
1184 942 1257 982 meae
1273 929 1379 982 unim-

272 1015 329 1069 tiae
339 1009 509 1086 suffragatur
519 1010 586 1068 idon
598 1009 744 1084 Gregorius
752 1009 783 1067 io
795 1009 907 1086 epr'stola
921 1009 960 1068 ad
978 1007 1144 1068 Honoratum
1159 1008 1315 1081 aaronem,
1330 1009 1379 1066 ubi

274 1115 358 1174 ageos
368 1095 400 1152 dc
410 1095 536 1153 solutione
545 1100 684 1152 consuetae
693 1096 821 1172 pecuniae
834 1113 885 1172 pro
901 1093 1035 1170 dignutus
1051 1094 1187 1152 cuuulari
1206 1091 1379 1170 adipiscendo

275 1184 317 1238 ait
327 1178 431 1254 “magis
441 1197 474 1238 rs
485 1199 512 1238 sc
522 1185 590 1256 agat
601 1179 707 1238 elladio
720 1183 782 1245 tua,
795 1184 923 1257 quatenus
931 1178 1029 1238 abluas
1038 1181 1068 1236 io
1086 1179 1201 1238 saccello
1214 1175 1380 1236 consouodr·
1425 1221 1430 1230 .

275 1265 352 1324 nitra
376 1265 482 1334 horrores
497 1270 628 1324 meremur
647 1257 789 1341 acciperc.”
823 1265 870 1322 ubi
879 1281 930 1344 per
952 1263 1066 1322 macella
1089 1268 1189 1322 certum
1206 1269 1245 1321 cst
1262 1256 1382 1338 intelligi

274 1352 405 1430 principie
421 1353 605 1428 pecuniariam
619 1367 743 1428 capsam,
759 1354 785 1406 et
794 1349 905 1428 proinde
913 1365 961 1425 per
980 1347 1163 1407 saccellarium
1175 1349 1378 1406 thesaurarium.
1463 1421 1466 1426 .

71 1443 77 1450 '
141 1501 144 1508 ,
170 1455 193 1510 Ρ
213 1453 264 1510 159
275 1439 307 1494 io
319 1455 396 1514 quam
407 1439 559 1494 seutentiam
573 1439 599 1492 et
611 1433 732 1492 Isidorus
744 1425 858 1512 “fiscau''
870 1434 958 1510 iuquit
975 1431 1031 1491 “ert
1041 1453 1134 1491 soccus
1145 1425 1294 1508 publiou.'’
1328 1428 1380 1490 sed

276 1519 316 1580 nil
334 1538 405 1598 opas
425 1521 482 1578 ulla
502 1518 672 1589 mutatione3
694 1520 806 1577 namet
827 1519 983 1576 sacellarius
996 1522 1041 1576 est
1055 1518 1227 1576 saccellarius
1238 1539 1257 1576 o
1274 1517 1379 1588 sacello,

277 1605 394 1682 simplici
413 1625 442 1682 c,
459 1603 504 1663 rel
521 1603 666 1672 sincello,
685 1621 768 1678 quam
784 1602 867 1660 nobis
884 1603 968 1682 paulo
983 1608 1050 1664 aute
1067 1603 1209 1680 Corippus
1224 1601 1381 1678 descripsit,

279 1691 344 1767 qnia
364 1687 459 1746 Latini
478 1689 601 1746 Graecos
622 1688 722 1746 imitati
745 1687 897 1764 aliquando
917 1688 1036 1746 alterum
1057 1698 1077 1746 c·
1092 1697 1267 1765 expungunt
1307 1687 1381 1743 idem

262 1776 347 1850 'ergo
362 1779 406 1830 est
418 1774 590 1832 saccellarius
606 1777 636 1830 et
659 1772 824 1831 sacellarius.
865 1779 1039 1850 quapropter
1055 1773 1176 1850 probare
1193 1791 1252 1830 non
1266 1787 1381 1850 mesum

278 1853 403 1917 eiusdem
421 1858 515 1936 magni
535 1858 588 1917 viri
608 1857 773 1934 discrimen,
797 1857 875 1935 qnod
893 1859 995 1916 statuit
1014 1858 1089 1916 hunc
1106 1858 1138 1914 in
1154 1859 1283 1916 modum:
1305 1857 1382 1934 apud

276 1942 413 2020 Latinos,
440 1944 465 2002 si
492 1941 664 2002 saccellarius
684 1943 815 2000 scribitur
833 1961 852 2001 a
875 1941 1014 2020 saeculis,
1042 1943 1231 2000 thesaurarim
1252 1941 1383 2000 ecclesiae

274 2028 457 2106 intelligitnr3
478 2028 503 2086 si
518 2047 585 2087 vero
599 2045 652 2107 per
677 2026 795 2105 simplex
813 2047 843 2104 c,
865 2029 1021 2087 sacellarius
1041 2047 1060 2086 a
1075 2027 1194 2105 sacello,
1215 2026 1383 2104 quisdicat

278 2112 376 2173 sacello
395 2111 566 2194 (cappellae)
589 2117 718 2191 praeest,
738 2109 919 2190 significatur.
960 2131 1041 2170 aecus
1056 2131 1088 2170 se
1107 2132 1153 2170 res
1171 2113 1273 2190 habet,
1293 2118 1328 2169 nt
1349 2129 1383 2169 ex

278 2200 360 2257 dictis
374 2198 489 2278 planum
500 2199 674 2276 relinquitur.
696 2197 760 2256 vide
773 2199 858 2257 etiam
873 2197 1017 2256 Cuiacium
1032 2198 1180 2256 observat
1200 2201 1239 2260 10
1260 2201 1302 2259 97
1309 2237 1320 2274 ,
1335 2195 1384 2253 ubi

280 2286 318 2342 de
331 2285 479 2343 saecularia
492 2284 631 2344 asacculo
643 2288 673 2341 et
686 2283 845 2344 saccellario
860 2281 995 2343 amneio
1017 2281 1107 2344 multa
1124 2282 1236 2361 scribit,
1254 2281 1310 2340 etsi
1328 2281 1384 2340 alio

279 2367 715 2448 siguificatuhorumnominum.
904 2361 908 2368 ’

717 2588 932 2611 ..ιιι-...δι

614 2815 1066 2904 CAPUTIV.

372 3069 401 3131 p.
413 3046 470 3114 4v.
482 3055 510 3117 8.
533 3003 803 3134 Chartophylacem
814 3050 888 3114 male
899 3061 1002 3117 vocant
1013 3049 1198 3116 leunclavius
1209 3058 1240 3112 et
1251 3049 1298 3111 alii
1311 3050 1390 3111 clar-

288 3137 434 3200 tularium:
455 3155 520 3198 nam
535 3141 718 3200 chartularius
733 3139 848 3198 alterins
861 3140 944 3200 oflicii
955 3148 984 3201 et
994 3141 1131 3200 inferioris
1144 3157 1248 3199 nomen
1259 3143 1314 3214 ert,
1324 3155 1390 3195 oon-

286 3225 449 3299 tineturque
458 3224 488 3281 in
498 3243 574 3285 nona
584 3227 708 3304 pentade
719 3226 874 3284 officiorum
882 3226 1145 3286 ecclesiasticorum:
1160 3222 1398 3301 aichartopbylas-

286 3311 440 3390 principem
450 3309 639 3388 locumtencb
652 3311 759 3388 qnippe
770 3317 887 3387 quartum
902 3311 976 3369 inter
993 3309 1208 3371 exacutacoelos.
1227 3308 1325 3366 lunius
1335 3305 1391 3365 La-

287 3396 348 3453 tine
354 3395 521 3476 praefectum
533 3397 636 3456 saona
648 3396 785 3473 nominat,
798 3397 891 3455 nesdo
908 3416 993 3473 qnam
1007 3398 1116 3457 idonee.
1144 3414 1199 3472 ego
1214 3393 1334 3451 libenter
1342 3403 1393 3448 vo-

286 3499 348 3538 oem
368 3481 476 3538 retineo
502 3481 647 3542 Graecam.
689 3483 765 3540 unde
788 3481 972 3560 componatur
991 3488 1022 3541 et
1043 3483 1199 3556 derivetur,
1218 3478 1309 3554 liquet
1328 3476 1393 3534 aba·

286 3581 346 3640 qne
364 3583 427 3622 meo
441 3565 595 3626 admonitu.
638 3565 701 3646 plus
714 3572 811 3625 tamen
823 3568 964 3643 significat
980 3585 1064 3643 quam
1077 3567 1140 3645 ipsa
1150 3563 1287 3623 vocabula
1299 3563 1393 3619 fronte

286 3649 380 3728 prima
403 3667 471 3725 prae
494 3669 527 3708 se
546 3653 647 3710 terant
689 3653 821 3728 quocirca
838 3651 990 3711 Balsamon
1010 3653 1041 3710 in
1061 3671 1113 3710 sua
1132 3647 1336 3728 disceptatione
1357 3645 1395 3703 de

288 3731 505 3810 chartophylace
527 3737 636 3795 refutat
653 3733 716 3796 illos
743 3737 793 3812 qni
807 3737 906 3796 volunt
926 3737 1171 3816 chartophylacem
1185 3729 1394 3813 παρωνυμίζε·

291 3824 368 3880 σθαι
388 3817 421 3878 ἐκ
435 3822 491 3880 rori
507 3816 668 3894 φυλάττειν
691 3814 865 3902 μεμβράνας
880 3822 931 3884 aral
946 3824 1087 3898 radiosa,
1109 3820 1237 3897 quamvis
1252 3818 1276 3876 si
1291 3833 1395 3874 nomen
1521 3892 1523 3895 Ι

289 3902 416 3984 praecise
431 3903 607 3964 considerare
623 3905 755 3984 velimus,
784 3907 854 3966 haec
877 3908 987 3966 notatio
1006 3927 1025 3966 a
1047 3907 1165 3966 veritate
1186 3923 1245 3962 non
1262 3901 1394 3959 recedat:

291 3989 345 4051 aed
367 3988 398 4046 in
422 3988 601 4068 impositione
623 3991 767 4050 nominum
786 3999 904 4051 monent
922 3994 1064 4071 sapientes
1085 4010 1143 4050 non
1165 3996 1225 4048 tam
1244 3987 1397 4044 videndum

293 4091 358 4134 esse
374 4094 393 4132 a
408 4093 459 4152 quo
473 4092 558 4151 qnam
570 4075 607 4134 ad
621 4077 685 4155 quid
703 4095 807 4135 nomen
829 4079 997 4157 imponatur.
1039 4096 1074 4136 ea
1088 4079 1126 4135 de
1139 4093 1224 4139 causa
1235 4073 1332 4132 licata
1347 4087 1397 4128 cn·

290 4158 391 4220 stadia
406 4160 516 4220 chartae
529 4179 633 4221 nomen
646 4162 777 4240 traxerit,
791 4161 876 4240 longe
891 4169 986 4221 tamen
1006 4161 1089 4241 plura
1106 4164 1145 4221 ad
1166 4161 1226 4220 eius
1249 4175 1345 4216 curam
1366 4159 1398 4211 et

296 4244 567 4308 administrationem
585 4247 779 4327 pertinebant:
809 4248 870 4327 ipse
889 4249 964 4307 enim
987 4267 1041 4307 sua
1059 4247 1090 4306 in
1111 4246 1255 4326 potestate
1275 4239 1399 4301 habebat

296 4328 524 4410 insinuandam&
541 4335 658 4418 χαρτςόα
677 4327 879 4415 δικαιώματα,
901 4334 995 4421 literar
1016 4337 1048 4395 io
1065 4335 1161 4413 qubus
1180 4334 1246 4391 iuro
1266 4333 1293 4388 ct
1312 4327 1399 4407 privi-
