3075 4867
240 257 310 338 tao
398 254 607 326 GRETSERI
618 255 674 323 ET
690 253 822 327 Gora!
835 251 1170 326 commuuimus

235 421 428 483 interfectores
442 417 548 483 Leonis
563 416 688 480 Armenii
702 424 785 480 nocte
799 415 954 479 mtiritatis
968 416 1075 476 domini
1091 417 1149 476 his'
1161 417 1266 478 clericis
1286 419 1339 479 im-

239 509 314 570 misti
326 506 460 586 templum
474 506 593 583 ingressi
612 511 707 566 essent
726 509 756 564 et
775 503 901 563 Leonem
921 503 1081 562 trucidandi
1096 504 1271 565 occasionem
1287 524 1340 564 nec

238 597 345 654 frustra
359 597 529 671 captassent
571 591 640 668 qnid
656 593 679 652 si
694 590 893 665 exocataooelis
908 607 1021 666 quoque
1040 607 1104 646 mos
1126 596 1206 648 extra
1218 591 1339 668 patriar-

240 680 347 740 chicum
368 675 551 756 pernoctandi
576 675 653 736 fuiti
684 682 765 736 erant
796 675 863 734 olim
883 675 934 732 isti
957 673 1142 733 eiocatacoeli
1167 677 1340 754 sacerdotes,
1422 686 1425 688 ’

240 770 341 844 postea
360 763 396 820 ab
416 761 574 840 patriarcha
597 761 728 841 quopiam
747 761 777 820 in
793 758 1018 842 patriarchalium
1039 761 1218 821 diaconorum
1245 764 1341 820 uulne-

240 869 304 910 rum
314 849 436 924 redacti,
452 853 486 905 ut
498 845 656 924 patriarcha
667 847 766 907 diebus
778 845 991 905 solemnioribus
1008 845 1145 905 ministris
1156 845 1342 904 honoratiori·

239 935 293 994 bus
307 953 365 994 non
382 937 499 1008 careret,
511 935 544 988 ut
554 937 635 1008 patet
653 949 688 990 ex
703 933 766 1010 ipso
780 932 891 990 Codino
903 951 926 989 c
944 935 1004 1011 9p
1019 935 1061 995 66
1079 932 1342 1010 8etsequentibus.

323 1018 446 1094 Magnae
459 1019 572 1074 fuerunt
588 1018 762 1077 auctoritatis
779 1016 972 1091 ιιιοιοιοοοιίι,
992 1035 1076 1093 ηυιιιιι
1100 1035 1135 1076 ex
1153 1017 1197 1075 his
1217 1017 1341 1096 pauculis

239 1102 344 1166 Oodini
370 1102 461 1162 verbis
486 1101 649 1182 colligasp.
670 1101 765 1167 411:
799 1095 883 1166 ουτοι
901 1097 1055 1180 κάθηνται
1082 1100 1115 1165 ἐν
1135 1107 1175 1187 νῇ
1191 1104 1265 1188 θείρι
1291 1100 1344 1165 καί

103 1232 114 1245 .
208 1241 211 1246 .
242 1189 308 1272 lippi
338 1183 455 1268 συνόδῳ
490 1185 563 1276 perci
591 1193 655 1250 τοῦ
665 1181 836 1268 ἀρχιερέας.
876 1186 1105 1267 chartophylaci5
1130 1188 1179 1246 uni
1210 1207 1246 1247 er
1271 1188 1343 1268 istis,

240 1278 388 1330 moverunt
403 1249 554 1350 aliquando
571 1272 649 1332 litem
669 1274 795 1373 episcopi
815 1266 866 1333 dcci
880 1295 914 1334 το
908 1268 1154 1373 προκαθῆσθαι
1174 1265 1267 1336 adria
1283 1276 1344 1334 cciv

243 1353 418 1458 ἀρχιερέων,
434 1356 565 1437 ὁπηνίκα
580 1357 643 1420 δέοι
657 1352 782 1464 τούτρυς
781 1355 992 1464 συνέρχεσθαι
1007 1351 1084 1418 aecci
1096 1380 1165 1420 τινα
1175 1362 1278 1440 χρείαν
1292 1356 1344 1421 καὶ
1458 1384 1463 1390 ·

247 1437 451 1525 συνεδριάζειν
463 1439 541 1504 κατὰ
554 1437 665 1503 sadada
683 1437 743 1521 apd
757 1445 811 1519 τῆς
826 1438 919 1514 εἶς’
881 1465 939 1519 την
957 1437 1130 1522 cirisacum
1144 1461 1201 1504 σου
1216 1437 1345 1505 elested-

245 1545 329 1600 σεας.
370 1546 465 1586 venam
479 1547 531 1605 pro
545 1525 760 1603 chartophylace
773 1527 916 1606 rescripsit
928 1525 1042 1586 Alenus
1058 1529 1229 1588 comnenus.
1252 1533 1345 1587 exstat

243 1611 401 1672 Novella
378 1632 437 1670 erus
452 1613 524 1670 inter
538 1611 600 1670 illas
619 1631 689 1689 quas
711 1630 776 1675 cum
795 1611 902 1691 Ecloga
923 1631 976 1672 seu
995 1613 1119 1693 synopsi
1137 1613 1210 1673 luris
1224 1613 1345 1675 Romani

245 1697 335 1756 edidit
351 1695 544 1755 Lenndaviua

329 1781 491 1839 Eorundem
509 1777 541 1840 lit
559 1781 664 1840 mentio
681 1782 711 1839 in
732 1778 848 1840 concilio
873 1778 1045 1842 Florentino
1063 1786 1213 1858 nuquam
1227 1781 1345 1841 auctori-

247 1871 308 1924 tate
335 1871 365 1924 et
398 1866 574 1943 dignitate
563 1886 597 1925 ιιι
635 1867 709 1925 clero
738 1865 908 1924 Graecanico
944 1866 1027 1928 valde
1056 1867 1264 1926 excellentium:
1294 1865 1346 1928 nol

246 1948 299 2012 cdv
316 1945 422 2012 ποίπαν
437 1950 451 2013 ὁ
468 1946 648 2056 πατριάρχης
663 1946 810 2057 ἠσπάζετο
828 1946 990 2056 ἱστάμενον
1009 1951 1095 2058 ἔντη
1113 1956 1239 2054 παρειᾷ,
1259 1949 1349 2031 ἡμεῖς

248 2031 280 2098 δὲ
297 2033 474 2116 καθημένου
487 2059 543 2114 την
557 2033 658 2110 deicolo
673 2029 767 2098 αυτου
757 2030 879 2096 ‘act'
841 2058 898 2113 την
911 2031 1041 2115 παρειὰν
1054 2033 1113 2098 ude
1126 2043 1190 2108 τοῖς
1200 2013 1347 2111 ἕξοικατα-

247 2120 369 2192 κοίίοις.
412 2119 657 2224 παραγενομένου
683 2120 718 2184 ἐν
742 2114 826 2205 αυτῷ
850 2142 904 2181 του
926 2120 1070 2201 βασιλέως
1090 2144 1145 2183 τον
1133 2119 1268 2202 'cirtem
1286 2126 1349 2183 coia

246 2203 457 2284 καρδηναίέυιν
472 2205 523 2266 καὶ
538 2201 662 2268 πάντων
675 2210 737 2267 τῶν
758 2183 918 2286 ἀρχιερέων
940 2205 991 2270 καί
1016 2210 1079 2273 ,τῶν
1094 2207 1348 2281 {immunitam

247 2293 381 2350 hactenus
395 2291 431 2348 de
442 2291 665 2350 exocatacoelis
657 2311 686 2350 ιιι
708 2309 812 2370 genere
822 2288 862 2370 *).
962 2338 970 2362 ,

332 2392 420 2461 Quod
445 2392 548 2450 attinet
579 2392 617 2450 ad
649 2397 847 2470 oeconomum,
891 2391 939 2467 qui
974 2391 1081 2470 primus
1116 2391 1190 2450 inter
1221 2397 1350 2451 crocca-

250 2475 357 2558 eoelor,
384 2478 444 2534 eius
467 2473 588 2536 officium
612 2477 655 2535 his
675 2478 767 2535 verbis
798 2476 931 2536 describit
952 2476 1080 2534 Codanus
1103 2495 1135 2555 p
1161 2477 1232 2540 3v
1248 2478 1349 2556 ραιαίι

251 2560 328 2624 δ’
280 2519 383 2666 μερὲις
399 2583 415 2622 ο
419 2558 561 2660 ίηονόμος
580 2566 699 2666 κραιιόη
715 2559 817 2623 πάντα
835 2558 873 2624 sci
895 2557 1030 2641 κτήματα
1045 2583 1100 2663 της
1119 2560 1278 2640 ἐκκλησίας
1298 2560 1365 2625 καί,

251 2669 314 2706 παν
323 2669 357 2708 το
350 2631 600 2744 ’ἐσοὸιαζὸμενρν
611 2640 696 2720 ἒξ’
656 2650 769 2710 coceio.
791 2645 843 2708 acl
857 2645 1060 2730 οἰκονομεῖ
1031 2650 1075 2706 roi
1094 2641 1229 2727 ἆρχιερεῖ
1244 2645 1353 2709 uel*
1299 2671 1348 2749 τη

252 2730 401 2814 ἐκκλησία
442 2750 513 2830 quae
531 2731 575 2789 sic
592 2730 793 2810 interpretatur
812 2731 924 2792 Iunius·
944 2750 1059 2808 magam
1073 2748 1238 2806 oeconomos,
1258 2752 1304 2810 ραι
1320 2738 1364 2794 ia.

252 2833 337 2873 omnes
346 2819 516 2893 possessiones
534 2815 657 2875 eeclesiae
672 2821 857 2876 auctoritatem
878 2818 971 2890 tata,
999 2833 1147 2894 οιιαιειιιραι
1168 2818 1285 2877 reditum
1304 2837 1353 2896 ραι

251 2919 284 2960 es
310 2903 347 2958 eir
364 2903 519 2978 percipitur.
560 2904 696 2960 ιιιίιιιιιιιιι
722 2909 812 2960 catera
835 2859 971 2960 mcerdoti
985 2919 1085 2960 ιαιιαιιο
1106 2907 1133 2960 et
1157 2902 1283 2962 eccleciae
1300 2903 1353 2962 loc

149 2983 170 3033 P
188 2983 239 3039 156
256 2987 416 3043 oeconomica
424 2987 615 3062 procuratione.
640 2992 746 3064 quanto
759 2987 871 3046 brevius
885 2992 915 3044 et
927 2985 1085 3046 distinctim
1096 2986 1212 3046 dixisset
1227 3005 1353 3064 magnam

252 3087 412 3130 oeconomum
432 3089 485 3128 esse
502 3069 579 3128 illum
594 3075 641 3149 ραι·
658 3074 687 3131 in
699 3091 784 3130 αιιιιιι
799 3071 951 3150 facultates
967 3076 1160 3151 proventusque
1174 3073 1297 3132 ecclesiae
1308 3077 1353 3139 ιάι

252 3157 345 3228 habet,
363 3159 620 3233 ριοιιαιιιοιραοιιι
667 3159 748 3235 ι’πορι
745 3158 841 3216 ιίιιιαί
859 3177 893 3216 uc
917 3156 1050 3216 ecclesiae.
1092 3157 1214 3216 breviter
1233 3159 1354 3217 eundem

252 3200 401 3345 descripsit
419 3240 585 3299 Balsamon·
607 3175 665 3302 rell
680 3240 737 3319 ἔχει
758 3246 821 3303 τῶν
842 3241 1096 3320 ἐκκλησιαστικοῖν
1115 3240 1276 3350 κτημάτηιν
1296 3239 1355 3321 την

252 3327 402 3406 πρόνοιαν
425 3324 443 3388 ό
465 3325 555 3406 μέγας
579 3321 748 3401 οἰκονόμος
789 3333 888 3385 natum
906 3331 951 3384 est
973 3333 1068 3384 antem
1087 3324 1192 3384 illud‘
1176 3351 1193 3390 ο
1212 3326 1304 3407 μέγας
1319 3345 1354 3386 ex

252 3413 404 3470 recentiam
423 3412 594 3472 Graecorum
613 3411 781 3490 ambitione,
804 3415 852 3489 qui
870 3408 967 3472 ciliciis
988 3418 1019 3469 et
1037 3413 1221 3489 dignitatibus
1241 3413 1354 3471 titulum

254 3490 382 3575 μεγάλου
395 3498 547 3556 admodum
557 3497 708 3556 liberaliter
721 3498 950 3575 praeponebant,
971 3502 1002 3555 et
1011 3515 1095 3589 saepe
1109 3499 1167 3556 duo
1183 3495 1354 3576 cilicia,ce·

254 3583 383 3656 teroquin
410 3583 504 3658 paria,
533 3582 613 3642 aliter
631 3602 690 3641 non
710 3582 923 3660 distinguebant
947 3601 1032 3658 quam
1056 3575 1132 3641 vocis
1148 3588 1205 3645 τοῦ
1225 3577 1355 3666 μεγάλου

136 3664 138 3669 ’
254 3665 439 3742 appositione.
466 3667 562 3741 quain
576 3685 607 3723 re
621 3667 705 3744 longe
719 3669 859 3745 parciores
872 3673 902 3725 et
915 3667 1098 3736 restrictiores
1112 3673 1180 3726 sunt
1190 3685 1356 3746 semperque

187 3805 191 3813 ,
254 3751 369 3808 fuerumt
380 3747 491 3825 Latini,
511 3751 558 3826 qni
572 3753 653 3809 etad
667 3771 778 3850 omnes,
792 3754 845 3811 etsi
856 3753 960 3811 virtute
984 3758 1014 3810 et
1034 3733 1191 3812 eruditione
1209 3760 1356 3832 praestan-

255 3842 314 3911 tes,
327 3853 391 3891 raro
410 3833 464 3891 hoc
480 3834 601 3912 elogium
622 3837 701 3913 quasi
717 3857 888 3914 praenomen
901 3844 951 3895 aut
967 3857 1123 3914 cognomen
1141 3839 1357 3942 heastrderunt,

254 3939 316 3979 cum
338 3924 432 3976 tamen
452 3921 528 3997 apud
548 3921 672 3980 Graecos
687 3923 755 3980 nihil
776 3924 815 3982 sit
835 3923 1009 4000 frequentius
1030 3942 1114 4003 qaam
1132 3916 1234 3986 illudi
1256 3923 1356 4005 μέρος.

254 4023 339 4084 saepe
353 4023 386 4062 ex
397 4023 493 4062 musca
513 4003 605 4089 μέγαν
625 4006 803 4086 elephantem
823 4010 915 4069 facere
930 4008 1031 4069 solent.
1061 4016 1096 4068 et
1111 4009 1167 4070 iem
1188 4022 1302 4090 quoque
1321 4024 1357 4068 ex

256 4158 464 4176 -ιι--ε-ὸυσ-..ι

325 4255 352 4323 ’)
364 4253 504 4328 attimar.
522 4258 554 4309 ad
574 4274 597 4312 c.
615 4261 641 4314 9.
