3075 4867
316 241 318 248 *
391 297 455 422 tnn
481 295 657 382 ornans
683 297 743 364 α.
769 297 854 366 σα.
880 297 1085 368 x1n.:x1v.
1247 299 1297 370 ro

193 470 225 536 da
239 474 296 554 τῆς
308 469 470 553 ἐκκλησίας
478 517 489 550 ,
515 471 566 536 καὶ
582 466 747 536 πάττοιισιν
760 467 935 557 ἔμπροσθεν
950 476 1008 537 τοῦ
1018 469 1182 554 brasidae.
1234 469 1299 541 εἶτα

192 575 224 650 l}
242 570 365 656 ἓτοίμοο
389 571 582 639 παιδδαοολα
598 571 671 640 ὄντα
689 575 835 662 φίρονσιν
855 574 916 638 dub
931 581 993 641 τῶν
1009 577 1095 652 ε’κτδς
1111 573 1231 662 δάφνας
1246 580 1298 642 καί

193 668 295 755 οὗτοι,
320 679 372 742 καί
388 673 615 755 ἀποπάττονσι,
641 683 826 763 πληροῦντες
838 675 955 744 τοάταν
966 678 1002 746 sd
1017 681 1176 768 τρίκλινον.
1220 678 1298 768 τρά-
1320 689 1323 692 ’

194 782 268 860 πεζα
282 779 406 864 &aare
421 779 478 865 τὴν
491 777 639 846 ἀπόλυσιν
654 781 808 866 οάδαμῶς.
960 792 966 802 ’

167 967 187 1022 s
488 933 895 1041 ’Κεφάλαιον
945 941 999 1020 ιδ’.
1312 926 1415 1017 13¹

391 1056 424 1118 ‘0
441 1055 549 1134 ὄρθρος
565 1063 616 1132 τῆς
634 1059 754 1134 μεγάλης
775 1063 910 1132 κοριακῆς
925 1063 979 1118 τοῦ
995 1059 1098 1134 πάσχα.

293 1187 332 1256 Ὁ
347 1191 380 1256 δὲ
394 1199 450 1276 τῆς
465 1189 599 1278 μεγάλης
614 1199 761 1278 κνριακῆς
774 1198 832 1258 τοῦ
844 1189 949 1275 πάσχα
963 1189 1083 1278 ὄρθρος
1096 1189 1249 1276 ψάλλεται
1264 1192 1297 1256 ἓν

194 1300 232 1380 τῇ
246 1296 333 1380 τρίτῃ
349 1293 375 1378 ἢ
385 1294 514 1383 τετάρτῃ
535 1303 591 1378 τῆς
605 1293 722 1382 ἡμέρας
737 1293 823 1386 ῶρηι·
847 1297 959 1380 γίνεται
976 1296 1010 1360 δὲ
1022 1294 1113 1361 οὕτω.
1163 1302 1220 1361 τοῦ
1236 1302 1298 1378 βα·

194 1397 302 1474 σιλίας
317 1397 377 1462 ἀπὸ
389 1405 451 1466 τῶν
466 1399 561 1464 αὐτοῦ
575 1397 758 1488 φοριμάταν
773 1405 942 1486 φοροῶντος
956 1396 1045 1464 άτινα
1057 1395 1219 1481 βούλεται,
1245 1401 1298 1464 καί

148 1517 187 1571 10
195 1507 256 1565 τῶν
270 1498 425 1587 ἀρχόντων
435 1501 476 1568 ab
491 1507 585 1569 οἰκεῖα
601 1500 792 1590 παράσημα,
825 1499 1006 1587 ε’ξίρχιταιὸ
1021 1489 1230 1587 πρατοιιαπάς
1239 1509 1296 1586 τῆς
1312 1513 1336 1567 0

194 1606 354 1688 ἐκκλησίας
369 1605 447 1690 μετά
461 1611 518 1672 τοῦ
532 1603 746 1692 ἀρχιδιακάνοα
763 1607 815 1670 καί
829 1612 919 1672 τινῶν
934 1612 998 1694 τῶν
1010 1606 1221 1690 ἀναγκαστῶν,
1247 1607 1301 1672 καί

193 1709 302 1774 δίδασι
316 1707 465 1791 λαμπάδα
478 1715 524 1798 τῷ
536 1714 666 1790 βασιλεῖ.
718 1707 768 1774 καὶ
782 1709 812 1774 oi
825 1705 974 1796 iuppiter
987 1706 1141 1794 ἄρχοντες,
1166 1699 1210 1774 ῶν
1223 1714 1302 1774 πολ·-

195 1807 282 1888 λάκις
296 1811 503 1897 ἐμνήσθημεν,
529 1810 651 1878 διδόασι
674 1819 750 1878 πᾶσι
772 1821 837 1890 τοῖς
856 1811 1012 1899 άρχαασιν,
1044 1808 1086 1889 ῶς
1107 1813 1160 1876 καί
1179 1815 1212 1878 ἕν
1233 1819 1303 1890 ταῖς

194 1917 435 2001 προρρηθεῖσαις
449 1912 586 2002 ἑορταῖς,
612 1913 734 2001 κηροάς.
785 1922 847 1980 τῶν
869 1907 924 1980 oda
944 1921 1000 1997 τῆς
1019 1915 1179 1999 ίκκλησίας
1192 1922 1303 2002 θνρῶν

131 2025 134 2034 ’
151 2031 188 2088 15
196 2015 410 2101 κεκλεισμίναν
421 2018 533 2096 odorio,
558 2023 662 2106 θυμιᾷ
675 2014 691 2082 ὃ
704 2024 914 2104 πρατοπαπᾶς
921 2065 932 2096 ,
958 2015 1023 2082 εἶτα
1035 2019 1169 2104 ἐκφανεῖ
1180 2025 1302 2104 πρῶτον
1371 2100 1373 2104 Α

131 2139 136 2144 ’
191 2119 291 2198 “idio
312 2129 353 2210 τῇ
376 2118 446 2214 ἀηίρι
465 2121 517 2186 καὶ
539 2116 692 2209 ἀμοοασίηι
709 2123 761 2186 καί
781 2123 920 2208 ζαοποιῷ
939 2124 989 2184 καί
1011 2120 1174 2208 ἀδιακρίτῳ
1188 2119 1303 2206 τριάδι,

194 2220 340 2303 πάντοτε,
368 2231 422 2290 νῦν
435 2227 485 2288 καὶ
501 2222 612 2288 ἀείκαὶ
626 2227 668 2299 εἷς
681 2224 754 2300 τοδς
769 2227 883 2300 αι’ῶνας
897 2231 958 2288 τῶν
973 2221 1125 2287 niniven?²
1179 2227 1230 2287 καί
1242 2229 1303 2288 τῶν

195 2331 326 2412 ψαλτῶν
340 2328 376 2394 τδ
391 2327 473 2410 ἀμὴν
488 2323 677 2405 terninano,
704 2329 836 2414 ἐκφανεῖ
848 2317 938 2402 οὗτος
953 2325 989 2392 sd
1004 2322 1213 2408 ἀναστάσιμον
1227 2352 1300 2414 τρο·
1316 2335 1342 2388 1)

196 2429 319 2516 πάριον,
349 2431 385 2496 τὸ
400 2430 538 2518 Χριστὸς
562 2431 671 2512 ἀνίστη
692 2428 725 2492 ἐκ
748 2434 872 2515 νεκρῶν,
898 2431 931 2493 ἐκ
947 2430 1062 2514 τρίτον.
1112 2429 1213 2494 ἔπειτα
1231 2426 1320 2494 δια-’
1349 2447 1352 2456 ·

79 2515 85 2532 ³
151 2531 357 2618 ῖθδεξάμενοι
374 2540 464 2598 τοῦτο
482 2533 511 2598 οἱ
528 2530 648 2616 ψάλται
661 2528 847 2614 ψάλλουσιν,
871 2531 979 2617 μίχρις
1000 2529 1039 2596 ἀν
1057 2527 1074 2596 ὅ
1094 2539 1302 2619 πρατοπαπᾶς

197 2637 483 2720 τονςπεταημίνονς
497 2635 755 2720 στίχοοςτελίση,
780 2632 850 2719 ἤτοι
871 2636 912 2702 sd
931 2632 1092 2718 ἀναστητα
1116 2633 1133 2699 ὃ
1153 2635 1230 2713 θεὸς
1249 2639 1301 2701 καί

269 2761 478 2820 3πάιτοκσιΑ
582 2747 787 2829 δοάδαμοιῖά
889 2760 1027 2817 6tltulutn
1042 2761 1125 2817 omi
1215 2767 1248 2820 18
1265 2763 1299 2819 τά

267 2827 457 2900 ἀναστάσιμον
472 2825 628 2900 τροπάριον
644 2849 686 2884 om
702 2831 725 2883 Β

195 2939 315 2995 efferunt
331 2953 365 2990 ex
382 2933 495 2990 ecelesia
509 2932 613 3002 lauros,
636 2950 736 3004 easque
759 2937 822 2988 ante
842 2935 1028 3002 inperatorem
1053 2910 1190 3006 spargunt.
1226 2939 1304 3008 pueri

197 3025 305 3080 qnoque
328 3005 464 3088 honorarii
491 3021 525 3058 ex
547 3003 692 3086 composito
717 3002 806 3057 lauros
823 3003 928 3060 abillis
945 3005 991 3074 qni
1008 3012 1083 3088 extra
1100 3009 1304 3089 suntladierunt

197 3073 519 3202 Zeuffpasrtpnnpitthalbsqne
542 3072 685 3128 triclinium
706 3074 821 3143 replent.
856 3073 978 3129 absoluto
1000 3073 1091 3128 διιιαο
1109 3077 1197 3130 elfino
1215 3095 1305 3133 uersa

616 3279 789 3365 Caput
839 3245 898 3347 14J

479 3381 569 3436 Horas
589 3397 707 3452 maguae
728 3381 873 3434 dominicae
890 3383 1032 3452 parobolis.

271 3487 431 3540 Matutinnm
453 3502 563 3566 magnae
586 3484 732 3538 dominicae
750 3484 884 3554 paschatis
903 3485 1058 3541 decantatur
1075 3485 1140 3542 bort
1157 3487 1211 3542 diei
1230 3490 1310 3543 tertia

200 3557 377 3625 telonaria,
404 3554 473 3608 buno
495 3571 524 3606 ιιι
547 3554 660 3606 niodum.
696 3554 854 3622 imperatore
872 3556 928 3607 suis
946 3573 980 3608 ex
998 3557 1188 3623 gestaminibns
1205 3561 1311 3612 terente

201 3645 270 3697 quae
288 3625 370 3694 magis
388 3623 534 3691 arriserint,
553 3631 580 3676 et
597 3624 751 3692 proceribus
769 3622 860 3675 itidem
878 3624 987 3694 propria
1001 3625 1118 3693 iusignia
1134 3629 1309 3696 gestantibus,

201 3695 339 3764 egreditur
356 3701 505 3778 protopapa
522 3711 556 3746 ex
573 3691 684 3744 ecelesia
701 3709 757 3744 curn
773 3693 958 3746 archidiacono
973 3701 1000 3747 et
1013 3695 1143 3750 nonnullis
1156 3696 1309 3765 lectoribus,

201 3765 338 3834 traditque
360 3761 514 3834 imperatori
538 3761 691 3829 lampadem.
728 3771 756 3813 et
774 3763 923 3815 administri
938 3781 1076 3832 proceres,
1100 3781 1209 3833 quoram
1227 3785 1309 3836 saepe

202 3835 381 3900 meminimus,
405 3831 545 3902 porrigunt
568 3830 724 3899 proceribus
747 3848 855 3901 cereos,
883 3840 912 3884 nt
929 3841 957 3886 et
974 3834 1000 3886 iu
1018 3849 1100 3902 snpra
1123 3834 1203 3888 dictis
1220 3837 1309 3889 iestis.

204 3903 335 3958 ecelesiae
350 3902 432 3972 igitur
448 3901 550 3953 foribus
569 3899 674 3966 clausis,
694 3907 736 3954 tus
754 3901 842 3955 adolet
859 3910 1023 3972 protopapa,
1042 3903 1138 3956 deinde
1155 3905 1224 3958 elata
1242 3922 1309 3958 vooe

205 3973 277 4027 oanit
299 3971 364 4024 illud
386 3965 488 4039 “gloria
512 3978 620 4022 sanetae
643 3976 670 4021 et
696 3970 913 4024 consubstantiali
938 3980 966 4025 et
988 3971 1113 4025 unificae
1130 3980 1159 4026 et
1176 3973 1309 4027 indivisae
1369 3975 1375 3983 '

106 4049 109 4054 '
203 4041 328 4107 trinitati,
346 4041 415 4094 omni
432 4049 559 4108 tempore,
577 4055 646 4094 nuno
663 4045 691 4091 et
707 4057 820 4108 seraper,
839 4048 867 4093 et
884 4040 912 4092 in
929 4041 1036 4093 saecula
1052 4037 1246 4096 saeculorum.''
1280 4049 1309 4096 et

205 4113 358 4166 cantoribus
379 4109 580 4162 subiicientibus
606 4123 696 4174 amen,
722 4109 838 4163 conciuit
862 4109 915 4163 iste
938 4111 1143 4164 resurrectionis
1164 4111 1307 4180 troparium
1375 4159 1377 4164 .

202 4177 345 4243 “Christus
362 4178 479 4233 surrexit
496 4196 512 4230 a
529 4171 670 4246 mortuis‚'’
686 4176 767 4246 idque
788 4179 905 4232 tertium.
941 4188 1035 4248 postea
1057 4180 1219 4248 excipientes
1243 4198 1306 4234 oan-

203 4259 275 4304 tores
293 4251 438 4303 decantant
452 4247 532 4315 illud,
556 4247 641 4300 donee
665 4253 814 4318 protopapa
831 4249 1011 4317 praescriptos
1028 4265 1120 4303 versus
1138 4250 1308 4319 percurrerit,

203 4319 275 4374 illurn
292 4319 397 4374 scilieet
409 4311 554 4387 “exsurgat
570 4309 653 4370 'elaad'
676 4323 705 4371 et
721 4316 849 4389 reliquos.
882 4325 945 4388 post
961 4318 1027 4372 baso
1040 4317 1228 4372 archidiacono
1246 4337 1309 4390 pra-
