3075 4867
534 294 581 369 IN
601 294 749 363 GODlNl
770 294 856 365 GdP.
881 294 928 363 V.
1212 296 1286 367 259

169 452 172 464 '
252 457 289 513 ib.
305 469 332 509 r.
350 455 378 511 2.
404 447 420 508 ό
437 448 522 525 μάγοις
537 450 792 527 στρατοπεδάρχης]
808 456 859 511 hoo
869 455 925 511 eius
936 444 1023 509 cilicio
1037 454 1155 511 Zonsres
1171 435 1286 514 celebret
1379 423 1382 435 Ι

182 526 210 579 in
228 525 376 594 Nicephoro
395 524 496 591 Pirocez
520 521 630 593 Πέτρον
645 520 787 595 ἐντοπίων,
802 522 974 595 δραστήριον
990 520 1024 609 δέ
1040 542 1070 593 με
1085 523 1133 579 καλ
1151 524 1285 651 ἐμβριθῆ,

182 592 233 650 ναὶ
249 588 346 714 άρέειν
365 589 463 647 εἰδότα
478 597 652 661 στρατιωτῶν
668 592 915 665 στρατοπεδάρχην
932 590 1090 664 όνομασας,
1108 590 1145 647 ἵν’
1177 615 1194 649 ν
1210 600 1287 650 Κιλι-

182 663 233 734 τιίμ
250 664 314 730 δυη
331 659 425 732 χώραν
441 662 478 731 τῇ
490 666 608 735 στρατιᾷ
623 658 674 717 τόν
701 664 804 733 ειμολνα
817 663 973 733 διαγαγεῖν.
1007 663 1109 716 isidem
1118 662 1285 734 videtnrrriv

95 776 114 793 ,
183 733 238 787 τοῦ
253 729 377 803 χάρακος
393 724 553 786 ἐπιστασίαν
572 734 666 787 πάσαν
681 682 902 801 άπιμελοόμενος.
937 731 1115 802 europalates.

269 838 307 900 ib.
328 854 354 896 v.
370 838 398 899 3.
420 838 541 913 ποτόν,
552 842 630 914 potus
651 855 701 894 seu
715 835 945 917 poculentorum,
965 849 1032 896 uonx
1043 837 1164 912 ποδοῖν,
1186 842 1220 895 ut
1238 835 1286 893 Iu-

184 922 264 1000 nius,
288 922 337 997 qui
356 924 531 981 instromenta
545 922 638 981 vertit
659 922 711 980 sed
728 922 810 983 lectio
832 931 932 983 nostra
952 924 1132 990 confirmatur
1152 940 1187 979 ex
1208 922 1292 980 sodi--

183 1008 263 1067 cibus
283 1006 425 1065 Bavaricis
446 1011 476 1065 et
495 1004 704 1080 Lautherian03
728 1012 758 1066 et
782 1026 827 1065 res
848 1029 899 1087 per
918 1008 1044 1068 seelera
1061 1013 1123 1083 est,
1144 1008 1287 1081 quianon

183 1094 275 1237 mlipus
289 1093 443 1153 curandum
458 1096 503 1151 est
517 1097 551 1152 ut
564 1092 696 1152 exercitui
715 1110 774 1153 non
793 1095 867 1152 desit
887 1100 974 1176 potos
990 1112 1075 1171 quam
1087 1098 1121 1150 ut
1138 1110 1197 1150 non
1214 1092 1289 1150 desit

71 1204 74 1211 '
181 1196 207 1239 Gi
228 1196 270 1237 118.

86 1252 90 1258 .
252 1273 289 1328 ib.
304 1288 331 1326 v.
350 1272 378 1329 4.
394 1268 434 1335 εἱς
449 1267 504 1341 τήν
520 1269 707 1343 παράστασιν]
723 1274 832 1329 omnium
848 1272 892 1345 qui
904 1272 1043 1343 dignitates
1054 1279 1082 1325 et
1092 1272 1178 1327 officie
1188 1277 1288 1340 tenent,

185 1344 255 1397 eirca
273 1342 450 1411 imperatorem
468 1342 494 1394 in
509 1342 573 1395 solio
591 1343 737 1406 sedentem,
756 1361 812 1395 eum
831 1342 941 1395 vestium
961 1346 1086 1413 apparatu
1104 1350 1132 1394 et
1148 1342 1288 1409 insignibus

185 1419 259 1467 stans
273 1414 426 1479 somniatus
441 1418 481 1464 est
498 1408 680 1478 παράστασις.
716 1412 914 1479 δουλοπρεπεῖς
929 1407 1101 1478 παρεστάναι
1118 1410 1219 1479 scripsit
1237 1410 1289 1462 Ni-

186 1487 259 1533 oetns
277 1482 303 1533 in
324 1481 422 1533 Ιοεοτὶο
439 1480 551 1548 Αορελο,
572 1486 599 1533 et
617 1481 721 1533 iterumt
740 1477 771 1534 ob
777 1476 911 1550 Ῥωμαῖοι
921 1477 1169 1545 παραστατοόντας
1179 1475 1288 1547 ἔχουσιν

185 1544 323 1609 ἅπαντας,
358 1550 385 1602 in
405 1549 492 1601 Alexio
508 1549 636 1603 secundos
660 1543 738 1619 εἶχον
753 1544 841 1613 εὐθὺς
856 1542 922 1609 τούς
934 1547 1127 1614 παρεστῶτας,
1144 1546 1193 1600 καλ
1214 1543 1288 1600 ὅσοι·

185 1636 239 1685 περ
257 1610 351 1689 ἐκείνῳ
370 1613 541 1686 συνήδρευον
558 1613 607 1671 διά
624 1613 722 1687 μένους
739 1614 919 1687 λαμπρότητα
935 1613 984 1668 καὶ
1001 1610 1166 1683 ἀξιωμάτων
1189 1632 1218 1669 σε
1238 1614 1286 1669 νό-

184 1704 273 1755 τητα,
290 1681 444 1755 ὁμοφώνως
460 1681 680 1755 άνανραγόντας.
715 1687 815 1756 imperii
831 1692 914 1739 tamen
932 1683 1046 1752 collegae
1057 1685 1177 1738 assident.
1235 1686 1288 1738 uit-

205 1756 299 1810 rnndus
317 1755 349 1808 de
367 1755 509 1822 legationes
545 1756 669 1808 sedebant
686 1758 723 1807 ad
743 1756 878 1807 sinistram
894 1771 948 1806 που
967 1754 1101 1808 incudem
1124 1754 1214 1820 linco,
1242 1754 1289 1807 sed

231 1842 266 1893 ge
277 1825 395 1879 deornm
406 1824 457 1874 duo
466 1824 575 1889 paruuli
584 1824 763 1890 imperatores.
786 1824 870 1892 potuit
881 1830 907 1875 et
918 1821 1018 1874 Caesar
1026 1823 1179 1892 quandoque
1189 1824 1289 1875 sedere.

185 1893 360 1961 Theophanes
375 1890 403 1944 iu
427 1890 553 1943 Mieheele
575 1890 728 1961 Theophili:
755 1892 808 1943 τοῦ
828 1887 927 1959 Βάρδοι
950 1890 1092 1956 Καίσαρος
1114 1892 1157 1962 τῷ
1182 1890 1291 1961 βασιλεῖ

184 1956 393 2027 προσελθόντος
419 1955 641 2027 συμπαθίσαντός
667 1956 766 2013 τεκαὶ
787 1959 1008 2028 συνομιλοῦντος.
1043 1960 1148 2012 licuisse
1168 1977 1287 2011 nonnun-

185 2046 264 2099 quam
282 2028 337 2081 eliis
358 2027 450 2081 sedere
462 2029 512 2095 τῆς
528 2021 679 2095 ἐπιτροπῆς
701 2024 865 2097 γενομένης,
888 2028 1020 2097 ipsumque
1040 2027 1141 2097 imperii
1163 2029 1287 2096 collegam

185 2098 339 2169 quandoque
355 2096 473 2161 stetisse,
498 2103 586 2148 narret
603 2096 798 2149 Genteouzenus
817 2100 832 2150 1
850 2098 867 2151 8
912 2099 962 2148 hoc
979 2096 1108 2149 assidendi
1126 2097 1167 2148 ius
1183 2096 1288 2167 pontiti·

185 2183 232 2223 ces
247 2169 364 2219 Graecos
379 2166 413 2219 eb
427 2163 572 2220 Andronico
591 2166 752 2234 postulasse,
775 2181 856 2235 eoque
873 2164 936 2216 licet
952 2166 1057 2218 obtento
1073 2165 1182 2217 ridicule
1201 2166 1288 2236 privs·

185 2242 244 2300 tos,
259 2236 324 2288 libro
343 2234 413 2287 ritus
430 2233 484 2287 eius
500 2234 518 2287 3
537 2234 644 2289 Nicetes
662 2233 783 2289 ostendit.
818 2233 852 2287 de
867 2233 1016 2304 patriarche
1032 2250 1116 2287 eorem
1131 2234 1288 2303 imperatore

185 2304 294 2363 sedente
311 2319 358 2358 suo
373 2304 432 2358 loco
449 2302 558 2356 dicetur.

271 2412 308 2474 ib.
329 2428 355 2470 v.
379 2406 427 2472 12.
448 2407 648 2487 hyperpyrum]
675 2415 805 2465 monetae
824 2425 922 2485 genus.
947 2405 1062 2465 indocte
1081 2403 1178 2464 Iunius
1202 2406 1288 2466 osium

187 2500 214 2555 et
235 2496 398 2555 involucrum
417 2495 512 2553 τιλοτὶτ
531 2497 613 2570 ignei
640 2492 725 2569 longe
750 2493 873 2551 deterius
894 2490 1078 2550 Leunclavius
1097 2492 1127 2550 in
1146 2492 1288 2570 legatione

186 2581 226 2640 ed
239 2578 400 2655 Armenios,
413 2578 462 2637 ubi
475 2577 546 2637 haec
559 2576 728 2653 Theoriani,
743 2578 792 2653 qui
805 2577 974 2655 Cpolitanus
986 2576 1098 2655 legatus
1111 2577 1181 2654 fuit,
1202 2577 1288 2636 verbe
1392 2646 1394 2651 1

185 2664 333 2743 leguntur:
355 2662 487 2727 ἔστωσαν
505 2660 547 2737 τός
567 2662 600 2725 ἐν
614 2660 762 2724 όποθὲσει
775 2660 935 2743 όπέρπνρα
948 2664 1031 2743 tolo,
1050 2665 1122 2741 μιᾶς
1136 2659 1209 2723 όντα
1223 2658 1288 2740 φό-

188 2769 280 2824 σεως,
306 2753 420 2830 χρυσοῦ
445 2741 594 2828 δηλονότι.
623 2743 677 2809 ἐάν
703 2738 760 2809 σόν
783 2741 900 2809 τσότων
920 2747 957 2808 ἓν
978 2747 1177 2825 πνρακτήσω,
1205 2747 1288 2809 ἔσται

185 2828 311 2908 πάντως
324 2829 359 2897 τό
373 2831 645 2915 πεπυρακτωμένον
661 2824 719 2894 dv'o
733 2830 871 2909 φόσεων,
892 2829 967 2914 λέγω
981 2830 1015 2894 db
1033 2826 1130 2913 πυρός
1150 2831 1202 2894 καὶ
1216 2856 1288 2915 χρυ-

188 2924 256 2985 σοῦ.
278 2914 340 2983 εἶτα
358 2914 474 2992 ledeos
490 2923 579 2981 rorico
600 2922 663 2991 τοῖς
682 2920 800 2991 λοιποῖς
819 2914 889 2980 δνσλ
907 2923 971 2990 τοῖς
990 2913 1031 3001 μὴ
1052 2916 1282 2999 πεπνρωττωμό-
1298 2924 1322 2978 Ρ
1338 2926 1391 2980 208

187 3028 271 3079 νοις,
292 3003 393 3085 λρωτοῑ
410 2999 491 3067 πόσα
505 3007 565 3065 νῦν
588 3000 647 3065 eloi
660 3004 754 3063 corice
776 2998 814 3063 τά
826 3000 1003 3082 desiperem,
1023 3004 1091 3084 τρία
1109 3000 1151 3077 σός
1172 3000 1288 3087 πρῴην,

188 3084 279 3171 sideni
293 3086 350 3169 τήν
364 3086 459 3166 φύσιν
481 3091 538 3151 τοῦ
558 3083 652 3169 πυρός
671 3085 807 3168 ἐγένοντο
829 3086 972 3170 τέσσαρα,
992 3106 1066 3163 quae
1082 3088 1221 3165 interpres
1248 3089 1289 3147 ite

189 3176 290 3234 vertit:
312 3177 366 3235 rint
386 3178 442 3235 trio
463 3173 508 3233 bic
529 3173 600 3233 velut
614 3177 678 3251 lgm
689 3176 813 3251 potiora,
833 3192 949 3252 prorsus
973 3172 1079 3232 inscite.
1108 3174 1288 3231 vertendum:

186 3258 323 3342 faciemus
343 3258 386 3319 bic
408 3263 463 3319 tria
479 3278 532 3319 etse
547 3260 711 3337 bpperpyro,
734 3261 816 3317 unius
838 3265 953 3317 naturae
968 3279 1014 3317 ιτα
1030 3262 1170 3331 melenae,
1191 3252 1290 3317 aureae

190 3346 265 3407 verbi
275 3348 379 3421 ςτοῐίυ.
400 3349 427 3405 ιτ·
444 3347 530 3421 igitur
549 3355 632 3401 unum
652 3362 686 3401 τω
706 3342 755 3401 bsi-
768 3346 899 3419 ι’ςτιεττετε
912 3343 1034 3420 fadum,
1056 3347 1157 3401 omnino
1171 3346 1289 3418 ignitum

190 3430 262 3491 illud
279 3430 381 3489 duobus
397 3432 503 3489 notun's
518 3430 656 3501 constabit,
678 3446 711 3485 ετ
726 3430 790 3503 egos
803 3429 926 3486 videlicet
943 3433 970 3485 et
983 3447 1056 3486 auro.
1077 3431 1103 3486 π’
1121 3425 1213 3485 deinde
1228 3427 1289 3487 olla

191 3516 246 3575 duo
258 3534 310 3574 non
322 3517 412 3591 ignito
431 3514 611 3587 obiiciantur,
635 3532 732 3592 quaero
751 3518 814 3591 quot
833 3532 904 3571 nunc
924 3514 978 3570 sint
1007 3513 1086 3572 buius
1106 3516 1208 3589 generet
1235 3513 1289 3591 by-

186 3600 325 3683 perpyral
344 3598 497 3680 (interpres
511 3604 635 3677 ρεστιτυιτ
648 3601 702 3657 sint
715 3596 780 3657 boec
793 3598 906 3673 ignita?
925 3596 1012 3657 male:
1034 3617 1121 3656 unum
1133 3596 1207 3656 enim
1224 3602 1289 3658 ten-

191 3686 339 3745 tummodo
358 3686 539 3765 hyperpyron
559 3684 680 3761 ignitum
702 3689 747 3741 est
766 3702 801 3741 ex
820 3682 970 3761 hypothesi
993 3681 1083 3762 facte)
1103 3702 1168 3743 πνοι
1187 3687 1243 3742 trio
1257 3689 1290 3741 ut

190 3780 289 3848 anteo,
309 3777 457 3849 unpropter
469 3768 680 3845 saturanigues
689 3768 773 3847 suctu
786 3776 849 3826 runt
863 3770 1010 3846 quattuor?
1028 3769 1058 3826 in
1072 3768 1192 3827 eundem
1211 3787 1289 3826 erro-

191 3874 253 3915 rem
265 3855 364 3914 incidit
382 3855 456 3913 idem
470 3855 609 3933 interpres
622 3853 670 3912 lob
687 3855 764 3931 114,
785 3853 834 3911 nbi
847 3857 908 3913 τάν
924 3848 1105 3935 όττερττόρων
1119 3855 1204 3913 vertit
1217 3857 1290 3929 igne

192 3944 224 4001 σι’
228 3944 372 4021 potiorum,
392 3940 498 4016 absque
512 3939 568 3997 ullo
582 3956 681 3997 sensu:
702 3938 868 3997 vertendum
879 3937 1175 4018 enimbyperpyrorum.
1197 3957 1290 4012 neque

192 4028 306 4085 nomine
318 4023 421 4085 Latino
435 4026 490 4084 hoc
502 4030 631 4085 monetae
650 4042 740 4100 genus
753 4022 870 4102 exprimi
883 4029 987 4101 potest.
1006 4025 1037 4081 in
1057 4022 1200 4083 Pendecte
1214 4022 1290 4080 Tur-

191 4112 254 4171 cico
271 4118 347 4171 recte
367 4112 404 4169 de
419 4110 586 4190 hyperpyris
607 4109 703 4166 scribit
723 4106 916 4168 Leunclevius.
943 4111 994 4168 sed
1021 4109 1066 4167 hic
1092 4115 1190 4167 tentus
1211 4126 1290 4165 error

191 4198 369 4277 detegendus
392 4197 463 4275 fuit,
484 4196 588 4271 nequi
608 4195 637 4279 με
660 4212 782 4253 errorem
803 4193 977 4252 inducentur.
1003 4193 1068 4252 hinc
1095 4194 1290 4272 λψπμητοηί,

193 4284 244 4359 qui
263 4284 414 4365 byperpyra
432 4280 529 4345 tributi
550 4280 661 4342 nomine
674 4278 795 4340 solvunt
815 4280 880 4338 vide
893 4297 967 4356 qnae
990 4280 1108 4340 diximus
1128 4284 1195 4336 tom.
1216 4281 1234 4341 3
1252 4277 1289 4337 de
1370 4334 1377 4343 ,
