3075 4867
253 311 302 396 ut
569 325 1037 398 commemorantum

359 485 483 580 Ταότην
497 485 552 563 τόν
568 495 622 580 τὴν
636 494 753 583 ἥμίραν
765 497 860 564 iussn
874 499 1031 582 μένοντες,
1064 503 1103 587 τῇ
1117 495 1188 581 μετ’
1210 495 1306 581 aivis
1320 496 1352 562 ἓν

253 609 317 678 τοῖς
338 599 442 677 άλλοις
461 598 600 685 ἔρχονται
619 603 794 680 παλατίοις,
826 600 902 666 ὅπου
920 605 970 666 καί
993 594 1096 678 αὖθις,
1110 599 1265 688 ῥίπτονται
1285 602 1352 666 ἔπι-

214 701 385 786 eudocia,
419 703 505 790 παρά
524 703 580 786 μὲν
602 709 802 788 συγκλητικοῦ
822 712 866 793 τῷ
889 711 964 792 λαῷ.
1014 701 1084 770 ὁδί
1096 729 1129 790 με
1140 704 1286 787 βασιλεὺς
1298 707 1352 770 καὶ
1462 695 1467 701 ’

207 831 209 836 ·
254 806 347 885 αὐτὸς
369 803 447 872 κατὰ
469 803 582 890 ταότην
604 807 660 889 τὴν
678 805 796 895 ἡμέραν
817 808 967 893 ἐξέρχεται
985 809 1042 891 μὲν
1056 808 1089 873 ἓν
1101 814 1139 894 τῇ
1151 808 1234 894 αὐλῇ
1239 856 1250 888 ,
1279 799 1353 894 ίνῷ

253 907 338 999 τόπῳ
356 906 377 993 ἦ
399 904 487 974 είκῶν
507 909 571 975 ἔστι
590 913 645 973 sori
668 909 802 996 μεγάλου
821 908 980 998 μάρτυρος
993 913 1024 974 Γ
1021 912 1158 998 εωργίου,
1176 913 1300 977 ἵσταται
1317 912 1375 976 dit

254 1013 381 1098 πλησίον
397 1012 491 1080 αὐτοῦ
508 1009 525 1077 ὃ
540 1017 595 1076 τοῦ
606 1018 768 1093 βασιλικοῦ
787 1019 962 1101 βεστιαρίου
979 1011 1093 1101 άρχων,
1125 1015 1177 1080 καὶ
1193 1012 1253 1097 ἔχει
1268 1012 1353 1090 ἐντὸς

253 1123 309 1182 τοῦ
333 1115 454 1210 ἱματίου
476 1118 571 1181 αὐτοῦ
592 1116 766 1199 νομίσματα
787 1122 891 1203 χρυσῶ
915 1117 1062 1200 κεχυμίνα
1085 1113 1203 1182 πολλά·
1236 1107 1280 1184 ῶν
1300 1118 1351 1181 καὶ

255 1216 459 1308 δραττόμενος
476 1213 492 1282 ὅ
512 1218 657 1300 βασιλεὺς
678 1221 830 1307 σκορπίζει
843 1223 887 1296 εἰς
901 1216 974 1296 sobe
988 1225 1189 1306 περιεστῶτας
1204 1215 1353 1307 ἄρχοντάς

254 1348 286 1387 τε
301 1324 352 1387 καὶ
369 1317 608 1408 άρχοντόπουλα,
631 1320 824 1410 ἐφ’·ὅσονάν
838 1325 925 1388 δοκεῖ
933 1329 1034 1389 τοῦτο.
1065 1322 1162 1390 αἶ’τιον
1176 1322 1211 1387 δὲ
1221 1329 1276 1405 τῆς
1287 1347 1353 1390 τοι·

255 1422 350 1510 αότης
365 1421 530 1501 διαδόσεως
543 1429 603 1490 τῶν
619 1423 814 1509 νομισμάτων
828 1427 910 1491 ἐστὶν
924 1425 960 1492 τό
972 1423 1144 1508 βούλεσθαι
1157 1425 1212 1492 τὸν
1223 1425 1354 1508 βασιλέα
1361 1434 1395 1488 to

215 1541 240 1596 0
257 1527 534 1616 συνευφραίνεσδαι
551 1526 635 1614 αὐτῷ
648 1526 799 1614 άρχοντάς
811 1554 844 1594 τε
856 1527 973 1607 πάντας
989 1531 1040 1594 κοιλ
1054 1527 1285 1614 άρχοντόπουλα
1300 1530 1353 1594 καὶ

253 1632 289 1697 τὸ
303 1628 460 1719 φοσσάτον
471 1632 523 1694 καὶ
535 1629 588 1696 τὸν
603 1633 711 1714 δῆμον,
736 1633 898 1708 ἐσθίοντας
908 1635 960 1697 καὶ
974 1633 1115 1707 πίνοντας
1133 1633 1166 1710 ἔξ
1187 1627 1352 1716 οἰναλωμάἀ

253 1759 314 1800 των
334 1739 512 1816 βασιλικῶν.
563 1733 637 1798 δίκα
652 1735 685 1799 δὲ
699 1736 809 1820 ἐφεξῆς
823 1731 940 1823 ἡμέρας
953 1734 974 1820 ἢ
989 1733 1143 1819 πλείουςῆ
1159 1734 1247 1820 ἐγγὺς
1261 1732 1353 1800 ἐλάτ-

253 1861 326 1913 τους
347 1831 462 1902 τοότων
486 1834 580 1919 (οὐδὲ
600 1834 659 1922 γάρ
676 1838 739 1901 ἔστι
754 1840 966 1920 νενομισμένας
979 1837 1115 1924 άριθμὸς
1127 1833 1259 1925 ἡμερῶν,
1281 1834 1351 1902 ἀλλ’

255 1939 338 2016 ὅπως
353 1937 545 2020 άνβοόλοιτο
562 1935 578 2004 ὁ
592 1939 756 2023 βασιλεὺς)
776 1937 953 2028 ἑορτάζουσι
969 1945 1158 2020 πολυτελῶς,
1183 1940 1240 2016 τὰς
1260 1936 1353 2023 συνῆ·
1363 1946 1395 1999 15

254 2049 323 2120 θεις
349 2041 558 2127 καθημερινάς
589 2042 701 2119 στολάς
732 2043 877 2132 λαμπρὰς
903 2047 953 2109 καὶ
979 2049 1150 2121 πολυτελεῖς
1178 2041 1273 2121 οόσας
1297 2042 1354 2132 pt-

255 2171 368 2232 ροντες.
1269 2223 1273 2231 ¹

358 2247 498 2314 Γίνονται
513 2237 568 2312 σόν
581 2245 659 2311 κατὰ
673 2242 787 2323 ταότας
801 2246 856 2324 τδις
869 2244 1002 2335 ἡμέρας,
1028 2247 1065 2326 ἃς
1079 2247 1209 2330 εἷ’πομεν,
1232 2247 1353 2331 εόωχίαι

255 2341 306 2414 καὶ
327 2353 434 2416 δεῖπνα
452 2355 618 2433 πολυτελῆ·
654 2352 705 2414 καὶ
727 2348 897 2433 καθήμενοι
923 2352 951 2416 υἱ
975 2359 1029 2434 τῆς
1053 2349 1220 2437 συγκλήτου
1245 2349 1355 2428 πάντες

255 2455 437 2537 εὐωχοῦνται
452 2451 682 2539 εὐφραινόμενοι
698 2451 873 2539 ἔμπροσθεν
890 2462 950 2520 τῶν
964 2457 1127 2538 βασιλέων,
1141 2454 1396 2537 εὖοιχουμὲνωνῖδ

254 2559 305 2620 καὶ
323 2555 423 2622 αὐτῶν
435 2557 467 2618 ἓν
481 2562 518 2640 τῇ
535 2553 651 2620 ἑαυτῶν
667 2554 809 2641 τραπέζῃ.
860 2553 1006 2643 ὑπηρετεῖ
1020 2561 1054 2624 δὲ
1069 2556 1135 2624 τότε
1152 2557 1254 2635 αότοῖς
1268 2555 1284 2622 ὃ
1299 2560 1354 2622 δο-

253 2659 396 2739 μέστικος
409 2659 460 2723 καὶ
476 2654 492 2722 ὃ
509 2659 564 2721 ἐπὶ·
573 2665 627 2739 τῆς
644 2659 807 2744 τραπέζης·
831 2662 857 2722 εί
871 2660 904 2722 δ”
922 2660 974 2736 οὔ,
1001 2669 1062 2726 τῶν
1076 2663 1109 2725 ε’κ
1124 2657 1227 2746 γόνους
1237 2687 1283 2737 τις
1298 2669 1354 2725 τοῦ

214 2761 406 2842 Ββασιλίως
421 2757 569 2843 άσκεπής,
589 2752 615 2848 ᾧ
630 2759 667 2825 ἄν
683 2760 818 2837 ε’πιτάξοι
833 2759 1017 2843 ὁβασιλεός.
1068 2762 1136 2830 ὅδὲ
1151 2765 1352 2848 με’γαςδομί-
1461 2782 1467 2797 ’

322 2957 341 3011 2
358 2951 527 3025 εἰσέρχονται
542 2955 567 3009 Α
671 2957 704 3011 15
719 2959 862 3020 παντελῶς
878 2957 900 3010 Ρ
952 2915 957 2920 Δ

320 3127 381 3181 Hac
396 3127 479 3196 igitur
494 3127 538 3182 die
555 3127 650 3180 ibidem
668 3136 803 3184 manentes
819 3129 950 3201 postridie
967 3129 1000 3183 ad
1018 3125 1069 3183 alia
1085 3127 1184 3201 palatiu
1206 3148 1236 3184 se
1260 3132 1351 3185 conle-

253 3205 324 3265 ruut,
342 3198 387 3251 ubi
404 3214 493 3250 rursus
511 3197 539 3251 iu
555 3198 678 3267 populum
697 3201 730 3252 ab
748 3198 836 3267 aliquo
853 3201 980 3253 senatorii
997 3201 1096 3253 ordinis
1114 3200 1260 3270 epicombia
1276 3219 1352 3271 spar-

252 3276 360 3334 guntur.
395 3266 538 3334 imperator
562 3267 611 3318 hac
633 3267 677 3320 die
700 3267 729 3320 in
753 3270 813 3321 aula
834 3270 937 3322 confert
961 3287 990 3322 se
1016 3270 1049 3321 ad
1072 3287 1129 3322 euin
1145 3269 1228 3322 locum
1246 3271 1293 3323 ubi
1313 3280 1356 3324 est

252 3335 339 3404 imago
353 3335 441 3405 magni
457 3335 580 3402 martyris
598 3337 720 3405 Georgii.
755 3347 810 3391 stat
830 3356 895 3391 vero
919 3355 1003 3408 prope
1024 3340 1109 3407 ipsum
1126 3338 1289 3407 imperatorii
1305 3358 1354 3392 ve-

252 3402 339 3458 stiarii
356 3421 404 3458 seu
422 3404 517 3458 aerarii
536 3406 698 3475 praefectus,
724 3414 851 3476 tenetque
875 3409 946 3460 intre
968 3416 1070 3460 vestem
1088 3425 1160 3460 suam
1175 3407 1257 3460 multa
1274 3425 1355 3460 aurea

233 3474 405 3534 ,numismata
429 3474 557 3528 conlusim
579 3491 683 3545 sparsa.
725 3493 794 3544 quae
817 3477 960 3546 imperator
984 3476 1149 3547 apprehensa
1172 3477 1302 3545 dispergit
1325 3478 1354 3530 in

252 3541 453 3596 circumstantes
469 3561 593 3626 proceres
611 3553 639 3597 et
655 3544 810 3599 honorarios
828 3562 933 3615 pueros,
954 3554 1084 3613 quotquot
1100 3545 1158 3614 ipse
1174 3545 1256 3598 volet.
1276 3563 1355 3600 causa

250 3609 328 3662 huius
347 3610 541 3665 distributionis
557 3614 736 3666 numismatum
755 3624 806 3679 est,
825 3617 895 3684 quod
912 3615 1056 3683 imperator
1073 3614 1163 3682 cupiat
1182 3631 1272 3667 omnes
1290 3633 1354 3684 pro-

250 3695 325 3732 ceres
344 3685 372 3731 et
384 3679 538 3734 honorarius
556 3699 662 3750 pueros,
682 3684 824 3736 exercitum
842 3693 869 3736 et
888 3683 1011 3754 populum
1028 3683 1104 3736 simul
1121 3683 1225 3750 laetari,
1245 3686 1355 3738 edentes

250 3755 279 3800 et
294 3747 414 3800 bibentes
433 3749 649 3818 eximperatoris
667 3751 804 3821 impensis.
839 3755 929 3806 decem
947 3752 1168 3820 consequentibus
1186 3753 1289 3818 diebus,
1309 3763 1355 3805 aut

249 3815 368 3886 pluribus
386 3827 431 3870 aut
448 3819 615 3885 paucioribus
630 3821 729 3888 (neque
746 3823 814 3874 enim
832 3832 874 3875 est
891 3831 978 3875 certus
996 3823 1096 3875 dierum
1112 3837 1244 3888 numerus,
1262 3839 1354 3874 verum

250 3883 355 3954 quoties
371 3884 525 3955 imperatori
548 3887 694 3958 placuerit)
717 3893 850 3958 perlectas
868 3891 949 3955 ferias
966 3900 1063 3959 agaim,
1089 3891 1236 3962 splendidis
1253 3891 1309 3944 suis
1326 3901 1354 3944 et

249 3954 409 4023 sumptuosis
426 3956 545 4024 quotidie
561 3958 646 4011 induti
663 3959 839 4014 vestimentis.

246 4071 248 4078 ’
267 4116 271 4120 ,
319 4055 496 4112 Instituuntur
512 4077 576 4130 ergo
592 4059 635 4114 his
652 4060 753 4128 diebus,
772 4078 837 4132 quas
854 4061 975 4130 diximus,
994 4061 1088 4132 epulae
1106 4067 1132 4114 et
1147 4077 1246 4115 coenae
1257 4061 1354 4132 opipa-

242 4139 297 4178 rae
311 4125 429 4179 omuibus
446 4127 480 4180 de
493 4137 585 4183 senatu
599 4147 656 4183 cum
672 4130 776 4184 laetitia
793 4131 956 4200 epulantibus
974 4149 1060 4184 corum
1077 4130 1289 4200 imperatoribus,
1304 4132 1352 4200 qui

249 4201 277 4247 et
298 4193 351 4264 ipsi
375 4195 531 4268 inproprie
553 4217 601 4256 sua
624 4217 714 4252 mensa
737 4200 882 4270 epulantur.
920 4202 1013 4271 quibus
1031 4209 1095 4252 tunc
1112 4200 1244 4254 ministrat
1259 4201 1351 4252 dorne-

248 4261 331 4316 sticus
349 4269 378 4316 et
391 4266 541 4334 praefectus
558 4286 672 4337 mensae,
690 4269 731 4322 sin
749 4270 848 4337 minos,
870 4268 965 4339 uliquis
982 4268 1138 4324 honorarius
1156 4269 1283 4338 ephebus,
1304 4288 1351 4322 ca-

246 4331 304 4400 pite
320 4349 372 4386 non
388 4341 484 4405 tectus,
504 4355 538 4392 ex
554 4337 719 4411 imperatoris
737 4339 829 4409 stirpe,
850 4339 893 4392 cui
909 4341 939 4392 id
954 4337 1127 4409 imperaverit
1142 4338 1295 4407 imperator.
1321 4348 1351 4394 st
