3075 4867
408 297 413 318 ·
477 255 525 368 in
546 293 942 394 conmonuemus.
1182 301 1258 376 scs

154 469 254 530 ossibus
270 487 303 528 ac
318 465 475 548 palumbus
489 465 599 544 offerat,
614 468 644 525 in
658 464 717 526 alia
734 483 796 526 uera
804 468 929 545 stuppam
941 464 994 526 lini
1008 466 1143 526 subtiliter
1154 487 1253 546 peram

153 574 188 612 ac
206 554 272 632 pilis
289 551 435 631 pensilibus
449 553 562 612 molliter
574 551 739 624 demolitam,
753 553 809 610 'csso'
823 555 945 630 protinus
961 554 1034 627 ignis
1051 553 1208 632 adbibetur,
1228 561 1255 613 et

153 646 257 716 repente
272 641 302 696 in
319 640 376 697 iaia
390 637 463 696 oculi
478 639 594 716 flamma
611 637 697 696 subito
710 641 821 696 amante
834 639 1013 711 consumitur,
1036 640 1106 696 utin
1115 638 1199 698 altero
1210 639 1256 699 de·

153 724 211 784 boat
224 722 387 782 considerare
398 721 468 800 quod
480 727 535 797 est,
558 725 587 782 in
597 721 681 780 altero
694 721 785 781 nabat
794 721 884 780 cidere
893 721 963 799 quod
972 721 1050 782 babet
1056 765 1066 795 ,
1084 725 1115 781 in
1124 725 1255 784 cineribus

151 809 279 886 siquiden
290 827 317 866 sc
327 809 438 868 anaor
449 810 627 884 recogrscscilp
646 809 675 866 in
684 813 784 886 stuppa
793 810 848 868 sam
857 806 963 883 colligit
971 810 1002 866 in
1013 806 1057 868 dic
1068 806 1166 868 iudicii
1173 830 1255 888 paam

152 893 238 952 subito
255 892 369 952 mundus
388 892 510 961 ardebit3
534 899 683 972 pomanus,
706 891 769 950 dura
787 913 815 952 se
832 892 945 951 simulac
965 911 1016 954 sua
1029 898 1085 951 tam
1098 911 1181 966 uana,
1199 901 1256 953 iam

147 979 231 1057 flocci
243 977 382 1058 pendenda
397 978 555 1053 considerat,
568 978 599 1038 do
615 977 764 1056 imperialis
779 977 901 1036 culminis
917 996 1024 1036 ascensa
1031 977 1255 1057 fastigionutla-
1321 1054 1326 1059 ι

151 1069 228 1122 tenus
258 1062 415 1134 insolescat,
448 1069 473 1122 et
496 1063 558 1122 dum
578 1081 709 1142 possessor
728 1069 809 1142 atquc
826 1066 953 1142 possessio
973 1062 1108 1121 subiacere
1127 1066 1258 1124 cmssmani

151 1151 267 1208 omnium
283 1151 362 1208 corui
374 1167 427 1208 nan
443 1148 604 1224 ambigitur,
633 1151 689 1208 iam
708 1151 790 1226 quasi
806 1148 840 1208 de
857 1147 995 1224 singulari
1010 1147 1155 1223 dignitatis
1171 1153 1256 1227 apice,

151 1237 200 1310 qui
217 1234 255 1291 ad
274 1252 374 1292 summ
390 1239 532 1312 prouectus
552 1238 607 1307 est,
632 1252 683 1292 non
702 1235 823 1313 infletur.
861 1233 1003 1310 pulclrum
1027 1252 1090 1310 ergo
1105 1235 1257 1293 mundanae

152 1317 312 1377 condicionis
329 1317 443 1376 ordinem
465 1319 538 1377 loma
559 1317 720 1393 consideret,
742 1324 768 1378 et
790 1317 852 1377 dum
875 1321 932 1377 sais
953 1318 1045 1377 usibus
1065 1322 1153 1378 crnnia
1174 1323 1258 1378 cernit

149 1405 282 1476 attribui,
303 1422 357 1463 nan
373 1403 426 1462 sibi
442 1403 489 1462 sed
502 1424 550 1464 sua
563 1402 787 1482 reseratgratias
803 1402 947 1474 conditam·
963 1403 1152 1463 bnodssantcm
1164 1404 1259 1463 monadi

149 1487 268 1564 gloriam
286 1488 335 1546 sub
350 1487 449 1546 iudicii
464 1492 508 1548 sui
524 1489 644 1549 calcibus
663 1487 812 1568 deprimat,
832 1493 945 1548 visorem
962 1493 1054 1547 carnis
1070 1490 1178 1548 aridum
1200 1494 1256 1550 sam

146 1572 282 1652 puluerem
296 1572 414 1646 credat,¹
430 1573 499 1633 diem
516 1593 579 1633 suaa
593 1578 738 1632 uacationis
756 1581 883 1652 empnam
898 1574 1033 1652 speculum
1048 1577 1105 1632 suis
1121 1576 1256 1634 obtutibus

150 1661 309 1737 anteponat,
325 1657 475 1717 districtam
493 1659 605 1718 ultimae
621 1659 793 1718 disasssicnis
810 1659 942 1718 iudicium
960 1662 1160 1736 contremiscat,
1182 1680 1255 1738 qua-

150 1747 244 1815 tenus,
275 1741 338 1800 dum
354 1761 426 1800 nunc
443 1746 571 1801 creaton‘s
592 1747 637 1802 sui
655 1742 758 1819 legibus
782 1740 924 1817 subditur,
947 1745 995 1821 pai
1019 1745 1089 1802 inter
1106 1750 1255 1820 creaturas,

151 1831 348 1905 quactmrenae
364 1831 442 1900 sunt,
461 1827 566 1886 cidcira
579 1830 714 1904 insignis,
731 1825 883 1886 incoelesti
898 1846 1000 1906 pucpuo
1018 1828 1108 1904 gloria
1125 1833 1255 1889 aaudiat

149 1914 187 1969 sit
203 1910 333 1969 sublimis.
375 1917 405 1970 et
420 1911 476 1970 huc
489 1912 626 1970 tendebat
640 1931 754 1988 quoque
771 1915 884 1983 moda,
904 1929 989 1986 quam
1001 1911 1154 1992 imperator
1164 1915 1255 1974 altera

148 2013 235 2054 mana
254 1995 329 2053 ierne
353 1995 478 2074 solebat,
504 1998 541 2057 de
561 2015 619 2073 qua
634 1999 690 2055 iam
703 1997 816 2077 saepius
831 1997 946 2055 dictum.
988 2003 1142 2056 astantem
1156 2000 1255 2059 mucia

149 2081 188 2141 ad
204 2079 323 2142 verbum
343 2084 491 2145 immastia
507 2088 537 2142 ct
552 2081 669 2142 Aeacius
683 2081 869 2158 Innocentius,
895 2087 928 2141 ut
940 2099 993 2141 suo
1006 2081 1069 2142 loco
1085 2085 1253 2159 nctadmus.

602 2391 800 2405 W

456 2646 945 2730 CAPUT'XIII.

215 2832 309 2904 p.1oc
324 2848 352 2888 r.
365 2833 391 2890 1.
413 2826 451 2884 ssi
467 2829 572 2901 clusio]
590 2832 777 2902 dignoscuntur
791 2852 814 2890 c.
831 2837 851 2891 4
866 2837 941 2890 lunins
958 2835 1051 2906 operia

233 2928 283 3000 ib.¹
299 2957 326 3000 v.
352 2935 382 3002 4.
424 2933 547 3019 διβολὲα
575 2937 682 3002 aldrice
716 2941 831 3021 duplicis
862 2944 954 3003 colors's
986 2942 1171 3004 calceammsta.
1207 2945 1251 3003 vel

146 3024 213 3084 hinc
242 3031 365 3105 apparet
397 3024 563 3084 vccabulum
587 3023 708 3105 doliolis
734 3034 863 3104 spectare
889 3029 927 3088 ad
954 3028 1093 3106 duplicem
1121 3029 1249 3088 colorem.

146 3109 268 3190 (haaca
283 3115 312 3175 3.
327 3106 440 3188 Goaa.)
455 3128 489 3168 cx
509 3127 578 3168 voce
590 3108 697 3174 midila
715 3117 814 3171 natum
833 3120 879 3173 est
898 3109 1073 3184 msdcdlscu,
1097 3120 1127 3172 ct
1139 3113 1250 3172 Latinis

146 3213 266 3272 quoque
281 3194 396 3274 pedulis.
437 3195 576 3276 interpres
589 3195 727 3256 Iuvenalis
741 3198 795 3258 Sat
810 3201 848 3262 1:
864 3200 975 3279 pedules
988 3218 1066 3258 novas
1089 3203 1118 3258 in
1139 3199 1251 3276 braccis,

147 3301 215 3362 quos
222 3279 347 3360 pedorum
362 3280 464 3340 dicunt.

219 3395 255 3448 ils.
272 3412 298 3450 v.
310 3396 337 3449 8.
351 3387 519 3463 άπάψηφοα]
536 3394 640 3466 proprie
656 3395 701 3468 qui
717 3397 750 3450 ad
768 3397 872 3466 aliquod
889 3412 979 3450 munus
996 3398 1091 3451 doctus
1107 3402 1148 3450 est
1160 3401 1188 3449 ct
1203 3397 1250 3450 dc-

143 3470 273 3538 pniclus,
290 3462 399 3518 nandum
418 3467 505 3516 laurea
519 3464 664 3533 impositum
689 3465 766 3520 habes
784 3468 826 3519 val
843 3485 860 3520 a
878 3484 908 3520 su
929 3467 1012 3520 eriora
1029 3465 1194 3520 commissura.
1211 3467 1250 3520 sic

146 3537 248 3590 electus
266 3533 300 3587 ad
315 3533 507 3603 episcopatum,
524 3533 635 3585 nondum
650 3541 735 3589 tamen
746 3536 891 3599 ordinatus,
905 3531 1059 3605 απόψηφος
1071 3536 1119 3588 est.
1143 3536 1250 3589 llnclno·

146 3605 260 3675 lcgiumc
277 3596 464 3725 appodiantur
479 3596 495 3656 ὁ
510 3595 676 3672 baudriacae
693 3604 746 3675 (ita
762 3603 841 3676 legit)
864 3597 921 3660 bal
937 3604 1142 3675 τάααληριαῶα
1152 3599 1251 3675 αὐτοῦ,

144 3682 176 3728 uc
193 3689 318 3728 consecra
331 3688 372 3730 nr.
1186 3695 1189 3704 ·

217 3777 257 3832 ib.
272 3793 299 3832 v.
310 3775 353 3830 1⁵.
380 3768 534 3839 claudicans
555 3768 643 3846 sadda]
666 3749 727 3832 vida
744 3775 813 3833 dicta
830 3778 858 3834 in
872 3782 936 3835 nou
953 3775 994 3837 cd.
1011 3795 1039 3850 μ.
1057 3781 1093 3836 92
1108 3799 1136 3838 v.
1153 3782 1181 3836 9.

217 3885 256 3940 ib.
274 3901 303 3941 v.
316 3885 357 3942 17.
373 3879 501 3954 καμάρας
516 3879 617 3956 μικράς
631 3867 775 3958 τέσσαρας]
790 3889 916 3962 despotaa
937 3905 1031 3943 octaua
1051 3889 1121 3945 sclua
1138 3891 1248 3944 cisomm

146 3958 189 4010 ast
204 3957 316 4010 nonam
333 3953 464 4020 ambiens,
481 3971 554 4024 quem
571 3957 663 4024 gemini
678 3958 812 4028 hemicycli
833 3976 943 4030 superna
963 3957 990 4011 ia
1013 3976 1114 4013 crucem
1133 3959 1185 4014 acti
1201 3977 1249 4012 ax-

146 4029 252 4078 ornant„
269 4023 344 4078 radix
359 4023 434 4076 unius
450 4022 478 4076 in
494 4026 579 4078 lrcnta
596 4032 637 4080 cst
659 4033 687 4081 ct
707 4027 735 4080 iu
758 4028 886 4098 occipite,
909 4045 988 4098 supra
1010 4032 1144 4111 mamque
1161 4044 1247 4080 aurem

145 4093 270 4148 altannus
286 4093 326 4150 its
341 4097 466 4177 quattuor
476 4094 586 4152 fornices
597 4102 753 4164 exsurgants
769 4093 883 4167 sandoro
899 4098 965 4154 anim
981 4098 1120 4166 amiqua
1129 4113 1191 4168 pars
1206 4102 1250 4149 cst
1271 4094 1277 4106 '

145 4161 241 4216 media.
263 4161 362 4234 impetn
384 4163 542 4217 Francorum
572 4181 707 4220 successor
733 4166 869 4237 delphinus
890 4183 1018 4222 coronam.
1038 4169 1125 4235 gestat
1148 4165 1249 4220 duabus

144 4231 293 4285 istiusmodi
310 4231 458 4302 hemicyclia
475 4231 503 4286 in
519 4250 619 4292 aucam
638 4235 792 4290 manaversis
807 4235 930 4306 insignem
952 4244 980 4290 ct
1001 4231 1129 4304 καμάρας
1147 4227 1248 4303 μικράς

144 4297 285 4365 τέσσαρας
301 4297 550 4372 ipsoram-consula
566 4303 680 4362 Marcum
699 4304 846 4363 vunnim
863 4307 890 4362 lu
905 4304 1011 4364 udentia
1028 4304 1151 4361 nosram

149 4387 153 4398 “
188 4381 286 4438 Cadio.
307 4383 458 4457 Gurcpalsl.
480 4384 513 4443 dc
534 4385 610 4455 Offic-
999 4375 1043 4441 24

753 4517 758 4552 l
