3075 4867
406 1114 741 1183 EdssNENTISSllllO
759 1115 793 1183 S.
806 1116 846 1183 R.
861 1114 896 1182 E.
910 1112 1110 1181 PRlNGlPl

201 1256 699 1443 Mroflnunr
746 1225 1310 1448 nonnarum

305 1495 657 1641 Aousnsruu
699 1535 1199 1626 oacnr'urrscoro.
1348 1483 1355 1496 ⁶

204 2002 343 2137 Quanto
361 2018 451 2116 magis
470 2037 579 2097 aemula
599 2036 770 2096 Graecarum
785 2011 876 2097 Gallia
899 2036 1056 2117 literarum,
1080 2032 1305 2097 Eminentissirne

203 2140 378 2217 Cardinalis,
403 2141 543 2223 primaeva
555 2158 614 2198 non
625 2140 738 2198 inferior
747 2142 868 2219 pietate,
896 2142 1002 2221 imperii
1016 2140 1154 2217 dignitate
1165 2156 1240 2197 nunc
1253 2158 1305 2217 po-
1360 2217 1362 2221 Ι

203 2232 277 2321 tior,
302 2248 383 2301 tanto
400 2242 454 2300 sibi
469 2240 586 2298 Graecia
599 2241 732 2317 pristinae
745 2242 909 2301 eruditionis
924 2243 1065 2320 religionis
1081 2239 1234 2297 muesutu
1246 2256 1305 2298 me-

203 2364 266 2405 mor
280 2344 390 2419 quaerit
403 2342 547 2402 ardentius
561 2341 669 2400 Galliae
683 2345 866 2421 praesidium3
894 2350 925 2403 et
945 2362 1002 2420 quo
1022 2340 1212 2400 vehementius
1231 2338 1306 2398 Galli

203 2465 333 2526 proceres
352 2445 506 2523 sapientiae
524 2441 701 2503 Athenaeum
722 2446 866 2522 ambiunt,
898 2464 941 2504 eo*
954 2443 1052 2504 maiori
1071 2442 1159 2521 gestit
1177 2440 1307 2500 ubertate

205 2548 370 2626 gaudiorum
381 2546 509 2604 Codinus
530 2540 707 2622 σοφωτάτου
726 2566 829 2605 nomen
852 2547 972 2625 adeptus
985 2566 1066 2605 suum
1080 2546 1135 2606 hoc
1147 2545 1184 2601 de
1198 2543 1307 2602 Officiis

206 2648 396 2707 ecclesiasticis
412 2652 442 2705 et
459 2644 591 2725 palatinis
605 2664 677 2724 opus
690 2666 708 2704 a
719 2646 809 2705 Gallis
826 2654 940 2709 aeterna
957 2622 1166 2707 consecratione
1176 2645 1308 2741 dedicari:

206 2757 285 2809 extra
304 2750 442 2827 patriam,
467 2748 533 2806 licet
547 2767 606 2807 non
622 2748 755 2826 ignotus,
778 2768 871 2809 errare
884 2752 1042 2826 videretur,
1063 2751 1092 2807 ni
1112 2750 1219 2827 patrios
1237 2767 1305 2807 suos

206 2853 404 2911 ecclesiasticos
419 2868 547 2929 proceres
560 2851 589 2907 in
602 2851 753 2909 sacrarium
766 2850 862 2911 Tuum
881 2853 1031 2931 reciperet,
1054 2850 1158 2910 aulicos
1178 2851 1208 2907 in
1227 2849 1306 2929 pala-

207 2954 278 3013 tium
296 2954 456 3030 induceret,
489 2955 520 3011 in
539 2970 597 3028 quo
618 2954 709 3012 avitae
728 2954 870 3032 religioni,
899 2953 981 3011 simul
1002 2971 1035 3009 ac
1051 2953 1145 3029 regiae
1166 2950 1307 3009 maiestati

207 3056 303 3114 sedem
317 3058 437 3133 pararet.
470 3052 615 3112 albicantis
631 3056 684 3114 sub
698 3056 764 3116 Tua
777 3074 901 3136 purpura
913 3056 999 3114 vestis
1013 3056 1134 3113 candore
1145 3059 1306 3131 perspecto,

207 3158 335 3215 intimum
349 3155 433 3214 animi
446 3152 503 3213 Tui
520 3157 669 3216 candorem
682 3161 800 3218 coniecit
814 3178 866 3217 nec
886 3158 1020 3234 imparem
1041 3150 1214 3215 'eminentiae¹
1224 3153 1305 3211 nobi-

208 3255 330 3329 litatem3
369 3255 610 3335 patriarchamque
629 3280 711 3321 suum
734 3282 798 3321 cum
822 3260 952 3319 ecclesiae
980 3276 1099 3335 magnae
1126 3255 1308 3335 optimatibus

209 3360 304 3436 modo,
317 3376 380 3415 cum
394 3377 446 3416 nec
459 3358 539 3436 luget
551 3380 603 3419 nec
614 3361 720 3421 ieiunat
728 3364 785 3441 illa,
801 3362 921 3421 candido
931 3361 1024 3420 colore
1034 3360 1197 3436 fulgentem,
1212 3358 1309 3435 modo,

209 3461 233 3518 si
247 3459 353 3519 luctum
373 3460 417 3517 vel
433 3453 564 3520 ieiunium
578 3464 724 3541 indixerit,
750 3482 892 3544 purpureo
908 3453 1069 3537 coru'scum,
1093 3462 1124 3519 in
1135 3461 1221 3521 sacn's
1236 3458 1308 3517 Tuis

210 3560 326 3618 aedibus
341 3558 387 3617 Te
406 3552 512 3636 colere3
535 3564 731 3645 imperatorem
751 3585 819 3624 vero
835 3563 929 3622 curiali
942 3582 994 3621 suo
1013 3552 1147 3622 comitatu
1162 3563 1308 3641 stipatum,

209 3680 324 3719 aureum
347 3652 474 3736 quamvis
497 3670 527 3723 et
549 3686 720 3745 purpureum
740 3670 945 3743 undequaque,
985 3665 1010 3723 si
1033 3666 1208 3725 maiestatem
1231 3662 1309 3721 nullo

210 3782 335 3822 maerore
348 3764 539 3825 obnubilatam
552 3769 692 3845 proferat,
719 3770 844 3827 candidis
863 3774 961 3827 contra
973 3768 1097 3827 vestibus
1112 3770 1256 3844 amictum,
1283 3766 1309 3822 si

209 3867 315 3925 luctum
338 3872 478 3946 testetur,
517 3863 562 3928 Te
580 3871 706 3927 venerari
727 3877 757 3929 et
778 3872 807 3929 in
828 3872 916 3930 musei
931 3870 988 3928 Tui
1006 3872 1154 3929 secretiore
1172 3866 1308 3948 penetrali

212 3968 284 4027 Tuis
305 3969 423 4047 pedibus
443 3972 553 4030 advolvi
567 3978 693 4052 exoptat,
716 3980 746 4031 et
759 3990 835 4033 nunc
847 3972 949 4032 amisso
964 3972 1089 4051 imperio,
1112 3972 1150 4030 ad
1168 3969 1308 4029 felicitatis

211 4074 385 4151 reparandae
404 4068 503 4151 omen,
533 4074 697 4159 priusquam
712 4075 814 4133 iterato
836 4094 867 4132 se
886 4074 1030 4153 proferat,
1057 4074 1087 4131 in
1108 4072 1175 4131 Tuo
1195 4070 1308 4129 nomine

210 4193 347 4252 apparere
363 4176 496 4253 postulat.
538 4166 569 4234 id
595 4194 664 4235 sane
679 4176 782 4235 Cadini
807 4195 878 4254 opus
893 4182 955 4253 est,
981 4177 1057 4251 quod
1083 4190 1144 4235 non
1161 4172 1309 4232 cediderit

211 4276 311 4336 meaa
337 4278 475 4359 quispiam
495 4284 546 4338 aa
572 4278 722 4345 amaeam
741 4277 899 4338 nominibus
927 4284 998 4354 quot
1018 4278 1121 4337 officia
1141 4258 1310 4357 paeonius,
