3075 4867
398 338 400 347 Α
528 262 575 336 tn
595 263 745 338 conuu
765 233 957 344 cmvuu
1209 216 1301 351 sos

178 426 295 504 qnando
307 425 437 492 mutas
456 427 488 486 in
509 425 632 490 Iordane
657 425 821 510 baptizatus
842 427 950 490 mundo
967 429 1114 511 apparuit:
1143 431 1184 492 sic
1206 436 1282 496 enim

178 515 235 582 ait:
256 521 362 574 sumtus
382 508 509 572 luminum
528 513 600 590 dics,
620 511 659 572 ud
677 531 752 592 quens
767 517 935 591 pervenimus
953 534 1078 596 quemque
1098 515 1175 578 toan
1188 519 1282 580 divino

176 598 302 678 becuficio
325 597 526 672 celebravimus,
544 609 593 678 pro
603 600 736 680 principio
755 597 859 678 quidem
880 599 983 659 Christi
1002 603 1070 674 orei,
1089 599 1139 660 hoc
1152 609 1191 662 cst
1204 623 1282 667 unce

178 681 248 744 lucis
269 701 365 742 omnem
386 684 512 742 hannem
534 687 564 742 io
584 682 708 743 muudum
724 687 871 743 uadentem
894 684 1092 759 illuminantis,
1122 685 1281 766 baptiauura

177 765 272 840 laon,
292 786 376 832 mecm
389 774 477 827 autem
490 787 590 848 quoque
599 771 787 846 purgationem
808 775 941 847 operatur.
983 773 1015 826 et
1033 773 1104 849 post
1115 768 1229 851 longam
1244 776 1282 834 de

177 851 318 930 baptismo
332 851 439 911 Christi
453 852 673 932 disputationem
686 851 759 914 hanc
774 852 813 912 ad
828 853 920 935 ipsam
941 853 1076 913 orationis
1096 854 1199 916 calcem
1214 877 1282 938 par-

176 936 308 1002 aenesin:
333 957 380 996 uos
401 943 490 998 omem
514 938 590 999 hodie
612 936 714 998 Christi
731 939 890 1015 baptismum
911 939 1005 998 imore
1028 941 1228 1018 complectamur
1246 959 1283 1003 cc

171 1021 276 1102 sertum
292 1021 576 1100 laureacensem,
594 1041 646 1084 uon
659 1026 758 1084 uentris
772 1021 878 1089 deliciis
891 1041 996 1102 operum
1010 1025 1104 1083 mutes
1112 1070 1129 1100 ‚,
1144 1027 1190 1086 red
1202 1030 1285 1105 epiri·

176 1107 289 1172 tuuliter
309 1126 356 1168 nos
377 1109 448 1186 ipsos
461 1107 633 1176 ¹oblectantes.
674 1107 716 1166 ita
728 1107 815 1178 etiam
829 1107 999 1191 Gregorinm
1013 1109 1148 1170 intellexit
1164 1111 1283 1174 Nicetes

176 1191 342 1266 scholiastes
356 1191 423 1251 eius.
467 1193 547 1274 quod
557 1192 656 1252 itidem
670 1211 705 1256 ex
718 1192 901 1273 inscriptione
920 1193 1028 1276 liquet,
1051 1213 1124 1272 quae
1143 1203 1189 1256 est
1210 1197 1281 1258 ista:

178 1277 223 1352 εἰς
237 1273 275 1340 col
289 1271 361 1359 tyra
374 1279 535 1354 parason
548 1273 832 1362 iacpuulnuldyoc.
873 1279 949 1343 idem
961 1278 1075 1359 planum
1089 1281 1124 1341 tit
1137 1300 1171 1341 ex
1191 1283 1280 1344 ritua-
1296 1297 1319 1352 ι)
1337 1299 1391 1355 223
1493 1298 1496 1305 ·

174 1360 249 1424 libus
273 1363 445 1442 Graecorum
464 1361 558 1439 libris,
584 1361 633 1432 nbi
653 1357 826 1444 npoeiprrou
849 1367 909 1427 criu
924 1358 1035 1441 φώτων
1048 1364 1118 1424 nihil
1138 1374 1183 1426 est
1204 1367 1281 1432 aliud

171 1463 264 1534 paam
290 1447 446 1526 profestum
472 1447 628 1526 epiphaniae
650 1467 702 1508 sen
730 1447 914 1530 apparitionis
933 1449 1040 1518 Christi
1061 1451 1099 1511 ad
1119 1449 1281 1534 Iordanem,

177 1531 293 1608 quando
308 1551 326 1592 a
339 1531 461 1600 Iordane
479 1531 643 1612 baptizatus
664 1537 727 1608 est,
746 1534 896 1616 ipsumque
908 1534 1013 1597 festum
1024 1535 1070 1599 die
1083 1541 1165 1595 sento
1179 1536 1284 1600 lanua-

176 1617 210 1679 rii
231 1615 309 1696 apud
330 1615 454 1680 Graecos
474 1617 607 1679 celebrari
627 1617 742 1682 solitum
761 1617 921 1702 appellatur
940 1612 1029 1703 ἑορτὴ
1057 1623 1119 1682 cciv
1147 1617 1283 1703 adanu,-

175 1701 255 1772 cuins
269 1700 466 1779 appellationis
480 1721 514 1766 ea
526 1702 672 1780 ostrado,
694 1702 761 1780 quia
774 1702 928 1766 Christiani
948 1722 983 1763 eo
1003 1705 1051 1765 die
1068 1704 1098 1777 in
1119 1705 1234 1766 ecclesia
1251 1712 1284 1769 et

61 1855 64 1862 Δ
176 1785 244 1846 alibi
257 1785 333 1854 faces
347 1803 442 1852 cereos
462 1784 590 1848 lucernas
611 1785 820 1865 accendebant,
838 1793 872 1849 ut
891 1790 932 1851 ait
949 1787 1083 1867 Nicetes,
1102 1790 1284 1852 inhonorem

175 1869 458 1948 baptizationem,
487 1871 537 1946 qui
557 1889 623 1930 vera
643 1870 691 1934 lux
711 1875 772 1948 est,
799 1876 831 1929 et
853 1871 987 1954 baptismi
1005 1874 1041 1935 ab
1064 1875 1127 1955 ipso
1148 1877 1284 1960 instituti,

177 1955 227 2033 qni
241 1953 346 2032 etipse
359 1958 427 2030 peip
441 1952 493 2018 aab
508 1949 661 2033 φωτισμός
673 1956 851 2032 poraneus,
870 1962 904 2019 nt
918 1964 1004 2021 antea
1016 1959 1144 2020 dinmus.

199 2115 201 2120 Α
262 2037 504 2104 Caeterumlocus
518 2040 692 2110 exoratione
706 2041 743 2112 de
757 2039 898 2123 baptismo
921 2060 1014 2106 nonae
1032 2043 1071 2103 illi
1091 2045 1216 2122 opinioni
1238 2046 1284 2105 ni·

175 2120 217 2195 hil
230 2123 384 2188 adiumenti
397 2124 506 2188 adfert:
527 2142 594 2192 uam
608 2123 792 2202 baptismum,
810 2142 895 2205 quem
910 2125 1042 2186 Christrrs
1063 2129 1203 2207 suscepit,
1230 2149 1283 2190 vo-

175 2213 225 2272 cat
238 2209 351 2270 solcum
364 2214 498 2281 nostiam,
520 2208 601 2286 quia,
622 2215 655 2274 ut
669 2215 764 2288 patres
778 2207 857 2286 loqui
869 2207 979 2290 solent,
996 2211 1128 2271 Christus
1141 2213 1284 2293 baptismo
1338 2242 1354 2272 x
1390 2267 1394 2275 .

174 2310 230 2354 auo
241 2311 334 2370 aquas
347 2289 530 2360 sancticavit
544 2298 573 2351 et
587 2299 703 2362 nonnae
714 2293 800 2368 saluti
813 2295 843 2352 in
862 2293 1034 2374 baptismate
1055 2315 1109 2355 suo
1128 2317 1285 2384 procuran-

176 2377 232 2450 dae
246 2378 398 2454 ᾱεεῒὶιιᾳνίῐ
414 2383 443 2437 et
456 2376 616 2446 salutiferas
632 2377 736 2452 etfacit,
780 2379 912 2460 quocirca
927 2385 1147 2447 consentaneum
1163 2401 1227 2440 esse
1241 2383 1284 2442 ait

177 2459 375 2534 Nazianzenus
382 2493 397 2540 5
414 2468 448 2521 ut
465 2463 538 2523 Sicut
557 2462 604 2522 alii
617 2463 692 2528 dien
703 2461 829 2546 natalem
841 2460 939 2542 suum,¹
960 2465 1131 2538 matrimonii
1144 2472 1174 2525 et
1187 2467 1218 2526 id
1230 2486 1284 2544 ge·
1380 2523 1390 2548 υ

177 2563 233 2610 nus
253 2546 324 2606 ulios
345 2549 496 2628 quotannis
515 2547 675 2626 celebrant,
704 2547 745 2611 ita
763 2547 851 2615 etiam
870 2550 984 2619 salmon
1006 2555 1140 2626 metron,
1168 2550 1225 2612 hoc
1237 2558 1283 2626 aot

68 2697 70 2702 ,
176 2630 320 2712 baptisma
332 2631 455 2712 Christi,
475 2631 664 2700 anniversaria
676 2632 814 2714 pnnegyri
827 2631 1005 2694 celebremus.
1204 2628 1214 2643 ’

261 2716 378 2789 Maneat
393 2735 478 2796 ergo,
497 2717 602 2782 festum
615 2716 750 2800 luminum
762 2725 825 2779 esse
838 2717 943 2781 testum
956 2716 1124 2802 epiphaniae
1145 2736 1198 2791 seu
1220 2721 1283 2801 epi-

175 2799 361 2882 phaniorum‚
381 2803 497 2878 qnando
511 2801 641 2872 dominus
654 2801 685 2860 in
702 2800 824 2869 Iordane
843 2802 881 2862 ba
901 2803 1005 2864 aratus
1023 2804 1131 2869 mundo
1146 2807 1284 2889 apparuit

177 2893 214 2948 et,
229 2892 263 2947 ut
282 2888 459 2950 foaumtum
482 2883 562 2946 sidus
583 2885 740 2962 sphannime
756 2885 862 2946 illuxit:
941 2907 957 2946 c
977 2888 1052 2953 enirn
1071 2889 1161 2953 solam
1175 2884 1284 2950 domini
1344 2907 1349 2915 ·

176 2959 358 3050 epiphaniam
369 2979 420 3040 sen
432 2970 639 3052 apparitionem
652 2970 793 3054 baptismo
805 2969 941 3033 illustrem
959 2971 1061 3032 Graeci
1072 2974 1217 3037 solennem
1229 2976 1283 3034 ha·
1410 2968 1414 2976 “

176 3053 265 3134 beat,
284 3074 337 3116 nec
356 3056 394 3114 de
416 3054 595 3140 apparitione
612 3055 707 3132 Magis
729 3055 996 3122 laetamentionem
1013 3057 1100 3121 ulam
1117 3076 1152 3118 eo
1166 3058 1283 3158 puidam

179 3140 227 3198 die
240 3139 362 3216 iaciunt,
382 3159 446 3201 cum
465 3137 561 3206 Latini
580 3140 757 3220 potissimum
775 3139 822 3202 die
843 3147 925 3201 sexto
937 3140 1060 3215 Ianuarii
1071 3141 1224 3202 solenmter
1236 3163 1283 3203 re·
1348 3221 1351 3225 y

179 3222 276 3286 colant
289 3225 468 3304 epiphaniam
481 3242 532 3284 seu
544 3225 816 3302 manifestationem,
837 3242 895 3305 qua
907 3223 1038 3294 choum
1052 3226 1145 3289 infans
1158 3227 1283 3308 omenta-
1330 3239 1336 3249 '

179 3307 254 3368 libus
276 3307 371 3386 Magis
389 3327 454 3371 sese
474 3309 621 3386 patefecit3
642 3309 756 3374 tametsi
768 3327 822 3368 nec
833 3307 910 3371 illam
922 3311 1036 3388 penitus
1049 3310 1197 3388 negligant
1209 3329 1285 3388 quae

179 3393 257 3457 iacta
269 3398 314 3452 est
329 3394 367 3454 ad
380 3391 529 3455 Iordanem
546 3393 576 3452 in
595 3393 754 3476 baptismo,
778 3412 833 3452 nec
850 3393 927 3453 illam
948 3411 1022 3471 quae
1040 3396 1160 3476 contigit
1180 3397 1210 3454 iu
1228 3416 1284 3456 nu-

178 3479 248 3559 ptiis
265 3479 295 3538 in
315 3479 397 3540 Cana
422 3477 579 3558 Galilaeae,
606 3479 722 3556 quando
740 3477 862 3558 primum
880 3478 995 3558 sunum
1012 3479 1086 3540 tecit.
1126 3475 1193 3542 hiric
1206 3483 1284 3543 comt

180 3563 311 3626 achaia:
332 3563 419 3624 tribur
440 3565 579 3626 miraculis
600 3570 722 3636 wiotum
741 3563 810 3629 dicor
828 3569 951 3627 raanan
971 3564 1090 3627 cottum.
1131 3572 1163 3625 et
1182 3573 1285 3627 octava

180 3649 348 3730 epiphaniae
368 3647 544 3728 potissimum
566 3647 737 3729 apparitioni
755 3648 793 3720 ed
811 3646 960 3713 Iordanem
971 3649 1003 3717 in
1014 3649 1158 3732 baptismo
1171 3652 1285 3715 dedim-

181 3739 247 3814 tur,
264 3740 298 3794 ut
311 3733 428 3814 planum
441 3734 474 3792 fit
487 3750 521 3792 er
535 3732 681 3806 Romanae
693 3731 825 3794 adana
831 3733 983 3797 ritualibus
999 3733 1086 3796 libris.

266 3840 295 3901 p.
309 3821 351 3886 65
366 3838 391 3880 v.
407 3821 434 3887 1.
454 3813 667 3899 oiycuopo'cseu
685 3822 847 3883 consecutio
866 3825 893 3879 ct
915 3823 1032 3901 copam
1053 3840 1150 3904 opnor.
1192 3821 1286 3902 primo
1388 3874 1400 3901 ‚

181 3905 229 3976 alie
251 3905 386 3982 onusque
408 3903 512 3982 mensis
535 3922 612 3982 aqua
638 3903 856 3975 benedicebatur
878 3909 910 3962 et
932 3923 967 3964 ex
987 3905 1137 3968 benedicta
1154 3903 1283 3966 homines

182 3989 406 4069 aspergebantur
417 3991 448 4048 in
468 3989 574 4069 palatio
594 3989 765 4069 Cpolitano,
784 3987 1064 4070 neoptolemum,
1083 4010 1145 4072 qno.
1152 3991 1182 4049 id
1195 3989 1283 4049 tiebat
1393 3978 1406 4001 '

182 4073 340 4154 dieaexto,
360 4076 415 4136 hoo
427 4079 472 4134 est
485 4073 518 4132 in
528 4073 592 4154 ipsa
604 4073 756 4154 epiphania
774 4073 897 4153 domini,
923 4081 954 4136 et
967 4076 1143 4155 Septembri,
1174 4092 1232 4150 quo
1251 4073 1304 4133 id
1375 4136 1377 4140 ,

181 4157 269 4218 fiebat
287 4159 333 4220 die
355 4159 396 4224 14
420 4159 450 4218 in
479 4157 542 4238 ipsa
567 4157 787 4218 cantationes.
812 4157 910 4220 duas.
960 4161 1052 4221 forma
1076 4157 1285 4222 benedicendae

180 4259 274 4322 aquae
286 4248 379 4306 emtat
390 4263 426 4306 ex
441 4243 562 4306 hienaeo
576 4245 658 4314 die6
671 4242 793 4310 Ianuarii
810 4250 841 4307 et
859 4245 890 4308 in
909 4244 1100 4327 Enchologio,
1119 4249 1151 4307 et
1162 4250 1207 4306 est
1219 4242 1283 4308 ista.

225 4333 486 4424 Codimcm'pdut.
500 4337 534 4394 da
543 4335 625 4406 osric.
1033 4333 1078 4396 20

18 463 39 522 h

18 571 38 610 u

18 657 37 697 ι

18 727 35 781 a

18 813 35 868 ῗι

22 907 33 954 t

18 1001 32 1040 a

18 1175 29 1213 r

18 1263 29 1300 r

18 1348 27 1386 s

18 1417 25 1472 i

18 1524 24 1559 t

18 1608 23 1645 r

18 1696 23 1731 l

18 1765 22 1817 i

18 1868 21 1901 l

258 4583 272 4617 0
