3075 4867
499 329 706 399 euersum
742 327 1012 398 nnoonunuu.
1151 405 1156 414 ,
1256 348 1294 396 rx

186 539 294 595 nactus
309 530 407 615 lunius
429 528 640 606 aMarquardo
658 530 782 591 Frebero
801 529 954 614 integriora
973 527 1155 608 exemplaria,
1177 530 1295 591 odoefis

185 636 275 717 priori
299 634 417 693 editioni
438 630 547 709 aliqubt
574 632 708 711 pagellis,
739 632 842 709 quibus
862 631 977 691 lacunas
999 631 1148 692 nonnullos
1161 632 1294 713 explevit,

186 756 292 798 nomen
312 754 395 795 suum
415 736 559 813 professus
580 741 634 813 est,
654 735 854 810 Codinumque
870 730 994 793 Frelrero
1008 733 1167 814 inscripsit,
1199 733 1241 794 ita
1260 742 1295 795 ut

186 838 363 919 Curopalatu
382 838 438 895 iam
463 835 553 894 tribus
574 836 701 914 patronis
723 836 846 915 stipatos
866 835 896 893 in
916 832 1058 913 publicum
1076 836 1193 896 venerit
1236 856 1295 898 me-

185 943 243 1001 rito
259 946 355 1001 tamen
371 938 526 1017 culpandus
547 943 592 995 est
609 939 723 1017 lunius,
754 918 834 1015 ¹‹pmd
852 955 955 996 novom
973 936 1126 995 editionem
1139 957 1199 997 non
1211 940 1296 999 odor-

187 1044 264 1103 narit
280 1049 311 1101 et
331 1062 349 1100 a
370 1060 402 1099 se
422 1039 506 1117 pleno
523 1058 604 1099 sacco
624 1058 739 1117 sparsos
754 1058 863 1099 errores
883 1053 942 1097 non
956 1038 1107 1098 correxerit
1118 1040 1234 1101 adnuo
1247 1061 1296 1102 oo-
1326 1078 1330 1083 -

187 1144 297 1203 dieibus
317 1140 504 1201 bibliothecae
517 1138 661 1199 Palatinae
680 1146 710 1199 et
732 1138 886 1220 Raphaelis
908 1140 1006 1200 Seileri
1024 1140 1191 1221 exemplari,
1216 1143 1296 1218 qnod

188 1252 252 1307 erat
264 1243 458 1325 apographum
472 1244 571 1322 optimi
584 1242 687 1303 codicis
700 1238 876 1320 Augustani:
895 1261 963 1302 nam
976 1244 1118 1302 Codinum
1129 1243 1196 1302 olim
1208 1243 1296 1301 fnisse
1353 1313 1359 1330 θ

142 1338 149 1352 '
187 1348 219 1406 in
242 1346 412 1405 bibliotheca
430 1344 552 1422 inclytae
572 1345 612 1405 rei
632 1342 759 1423 publicae
779 1340 964 1421 Augustame
994 1345 1077 1404 testis
1105 1350 1152 1404 est
1175 1345 1296 1406 Wolfius

187 1433 362 1529 praefatione
380 1450 418 1509 aa
442 1445 573 1506 urceum
594 1451 624 1505 et
641 1445 703 1525 ipse
716 1444 857 1525 Seuerus,
881 1446 1011 1523 quiade
1024 1444 1132 1505 eraeoe
1145 1447 1294 1525 dempsit
1319 1524 1321 1536 Ι

187 1559 219 1611 et
232 1551 335 1611 Latine
351 1550 456 1627 vertit,
479 1548 593 1607 tametsi
612 1548 768 1607 versionem
787 1567 868 1607 suam
886 1548 917 1607 in
938 1547 1040 1627 vulgus
1060 1548 1136 1610 exire
1148 1567 1293 1625 nunquam

161 1662 165 1666 “
185 1654 321 1732 permisit.
363 1653 426 1711 dico
441 1650 507 1710 olim
520 1651 622 1710 finisse:
642 1651 698 1712 inm
711 1652 787 1711 enim
807 1670 867 1711 non
884 1656 944 1730 est,
971 1652 1024 1711 sed
1040 1651 1159 1709 amusos
1172 1657 1234 1729 est,
1259 1658 1294 1711 ut

185 1760 254 1813 ante
274 1755 383 1831 aliquot
408 1770 498 1811 anuos
529 1770 565 1810 ex
580 1752 751 1829 amplissimo
775 1754 890 1813 domino
913 1752 1012 1814 Marco
1032 1753 1161 1815 Welsero
1175 1753 1205 1812 11
1233 1752 1294 1811 viro

184 1854 357 1934 Augustano
382 1852 521 1913 intellexi:
552 1853 676 1912 nescitur
696 1854 774 1913 cuius
794 1854 966 1933 negligentia
993 1855 1039 1915 vel
1057 1856 1157 1915 froude
1172 1854 1306 1934 perierit.-

182 1962 232 2015 tot
257 1977 324 2035 ergo
348 1956 482 2016 subsidiis
499 1955 652 2015 assuctus
680 1955 793 2034 Iunius,
818 1958 983 2036 praesertim
1002 1956 1186 2017 translatione
1206 1954 1296 2014 Selle-

184 2057 280 2135 riana,
301 2057 615 2119 debebatcodinuma
636 2057 729 2136 eapite
751 2058 790 2118 ad
810 2058 913 2119 calcem
932 2078 1149 2138 recognoscere,
1175 2045 1296 2137 plurimu

184 2164 218 2217 et
236 2160 400 2236 gravbnma
430 2162 533 2221 menda
561 2162 730 2237 emendare,
773 2160 932 2237 librumque
957 2161 995 2220 ab
1017 2161 1158 2221 erroribus
1176 2158 1295 2217 liberum

182 2260 282 2323 lectori
309 2282 476 2342 proponere.
518 2282 616 2323 verum
641 2262 710 2323 nihil
733 2263 835 2322 horum
857 2264 1020 2342 praestitit,
1054 2263 1110 2321 nisi
1132 2259 1228 2337 quod,
1261 2264 1296 2317 nt

181 2368 270 2421 antea
294 2364 410 2445 dietum,
433 2367 566 2446 panculas
591 2364 717 2445 pagellas
733 2364 840 2442 primae
858 2384 893 2425 ao
906 2365 1137 2428 mendosissimae
1150 2378 1219 2421 suae
1234 2359 1296 2419 cdi-

181 2465 256 2524 tioni
276 2468 381 2543 assuit,
406 2475 517 2527 mutato
536 2467 638 2545 titulo,
667 2466 766 2525 addito
790 2484 866 2526 novo
886 2472 1008 2547 patrono
1030 2465 1220 2545 oppositoque
1241 2481 1296 2521 suo

182 2565 306 2625 nomine.
354 2584 411 2644 quo
430 2570 494 2649 ipso
514 2570 609 2629 fucum
628 2568 779 2627 lectoribus
799 2569 882 2646 feeit,
919 2570 1001 2645 quasi
1019 2584 1123 2628 novam
1143 2566 1296 2626 editionem

155 2714 160 2723 .
182 2672 356 2745 promeret,¹
371 2687 446 2730 anno
465 2672 558 2751 1596,
583 2690 647 2731 cum
666 2688 726 2729 non
741 2670 827 2729 suerit
846 2685 922 2731 nova
943 2669 996 2729 sed
1015 2669 1121 2748 prima,
1146 2669 1195 2729 illa
1214 2666 1296 2727 raimi-

181 2788 248 2828 rum
267 2770 330 2848 ipsa
351 2788 425 2847 quae
444 2790 519 2833 anno
543 2772 626 2835 1588
648 2772 801 2851 prodierat

270 2868 316 2930 De
345 2890 411 2931 mea
436 2873 560 2945 editione
587 2880 617 2931 et
647 2873 851 2932 commentariis
878 2891 937 2932 non
966 2872 1057 2932 habeo
1084 2872 1164 2949 quod
1193 2870 1292 2930 dicam.

181 2990 292 3048 aequos
307 2972 426 3034 lectores
439 2972 542 3033 laboris
556 2975 612 3032 mei
622 2974 743 3035 arbitros
759 2994 822 3033 esse
835 2974 908 3034 volo.
948 2993 1056 3053 aequos
1069 2975 1201 3051 inquom:
1225 2988 1293 3030 num

180 3073 297 3149 iniquos
311 3094 370 3135 non
387 3094 490 3136 moror.
532 3076 558 3135 si
582 3076 652 3152 quid
673 3083 813 3137 mutatum
837 3077 895 3153 sit,
920 3078 999 3136 cuius
1021 3078 1095 3137 ratio
1107 3078 1138 3135 in
1151 3092 1292 3159 commen-

182 3175 265 3234 tariis
279 3193 337 3235 non
356 3178 501 3255 redditur,
518 3179 629 3237 noveris
647 3178 678 3236 id
700 3184 750 3239 aut
767 3198 802 3239 ex
820 3179 931 3239 duobus
950 3180 1044 3241 Boieis
1057 3186 1087 3239 et
1100 3176 1291 3239 Leotlreriano
1347 3169 1350 3176 ’

183 3276 325 3336 codicibus
341 3285 439 3367 auter
453 3280 602 3359 perspicua
614 3279 723 3339 ratione
742 3282 872 3362 petitum.
913 3282 976 3342 vute
991 3282 1118 3361 feliciter,
1142 3279 1182 3341 mi
1193 3278 1292 3342 lector.

181 3378 351 3457 lugolstadii
365 3399 441 3441 anno
455 3380 553 3441 salutis
570 3380 659 3446 1620.
