3075 4867
244 252 318 325 278
405 252 616 323 Gnnrsnm
631 252 687 321 El
703 252 838 323 Gonu
853 250 1191 322 colnfflnranms

243 414 313 479 ιρις.
345 410 386 479 εἰς
401 408 493 469 ιιοιιᾶ
510 408 584 499 ἱιη.
604 412 672 483 τρίς.
705 408 746 477 εἰς
768 406 871 499 diaria
888 407 1032 536 τρέπεται
1125 432 1156 468 αι
1173 408 1272 500 pir-e.
1306 410 1349 479 εἷς

244 480 279 539 cd
299 487 353 538 act
440 479 618 605 ωηὶιιὴι
636 478 889 605 clinoprpm‘ryrloer
1136 486 1190 539 τοῦ
1205 502 1349 555 mayr·-

244 550 390 623 crirrmp
393 553 517 607 dudm
536 570 586 605 roc
604 550 654 605 ml
669 552 866 621 οιιαιιμυιιιαῦ
880 500 1065 619 πατριάρχου.

329 645 358 707 p
372 626 453 691 45r
463 628 492 691 2
512 628 590 684 cuiuis
602 625 740 704 lampadis
759 624 826 703 etc]
841 630 935 683 exstat
944 622 1090 689 Theodori
1102 624 1278 684 Balomonis
1290 644 1349 684 me-

245 710 302 771 lete
318 730 368 769 seu
391 712 559 788 disceptatio
578 712 615 769 de
633 710 688 769 hoc
704 729 783 770 more
797 708 960 787 imperatori
983 710 1159 787 praeferendi
1179 709 1350 789 lampadem,

245 802 326 855 utet
338 796 507 875 imperatrici
524 802 555 855 et
568 796 693 871 quinque
715 796 895 873 patriarchis,
915 794 1045 852 Romano
1065 795 1351 874 Cpohtanohleran·

245 882 328 940 drino
355 880 532 939 Antiocheno
568 880 833 957 Hierosolymitano.
872 880 914 938 ait
946 880 1109 958 imperatori
1139 879 1279 959 duplicem
1310 882 1350 940 ob

245 984 359 1025 musam
390 964 525 1045 praeferri
549 964 725 1043 lampadem,
755 972 818 1023 tum
848 965 917 1041 quia
936 964 1059 1023 humana
1081 970 1143 1023 tum
1166 966 1233 1040 quia
1255 966 1352 1025 divina

246 1058 346 1127 curat,
366 1056 481 1127 tamque
500 1068 626 1128 eaquae
644 1050 682 1109 ad
709 1069 812 1129 corpus
836 1069 921 1126 quam
941 1068 975 1108 ea
995 1068 1068 1126 quae
1089 1051 1128 1107 ad
1148 1051 1268 1108 animam
1285 1071 1353 1129 per-

246 1138 339 1195 tinent
354 1134 450 1215 (huius
470 1137 544 1195 enim
558 1136 685 1213 geminae
703 1135 855 1215 potestatis
870 1134 1050 1193 concessione
1073 1134 1290 1193 blandiebantur
1305 1155 1351 1194 re-

173 1234 177 1242 ·
245 1221 385 1280 certiores
403 1221 504 1279 Graeci
521 1222 579 1279 suis
596 1220 836 1301 imperatoribus),
848 1238 939 1296 eaque
951 1221 989 1277 de
1004 1238 1090 1279 causa
1101 1219 1247 1297 lampades
1262 1222 1352 1298 impe-

246 1306 349 1365 ratoris
374 1306 531 1385 duplicibus
555 1306 646 1365 aureis
672 1306 782 1364 coronis
803 1307 910 1363 cinctas
936 1323 1013 1377 esse3
1039 1305 1260 1384 patriarcharum
1283 1325 1352 1365 vero

246 1390 409 1469 lampada,
436 1397 470 1450 ut
491 1398 521 1451 et
541 1391 747 1471 imperatricis,
775 1408 834 1449 una
855 1395 983 1466 tantum,
1008 1408 1043 1447 eo
1071 1390 1149 1465 quod
1176 1391 1354 1469 patriarchae

246 1476 434 1553 spiritualium
453 1476 651 1535 tantummodo
669 1494 763 1533 cinam
782 1474 923 1553 habeant,
943 1473 1071 1533 mulieres
1092 1476 1261 1553 temporalia
1278 1478 1354 1535 dnn-

247 1568 329 1620 taxat
341 1566 485 1639 spectent,
506 1562 612 1639 quippe
624 1560 727 1637 quibus
742 1561 773 1617 in
784 1560 901 1619 ecclesia
913 1561 1015 1618 docere
1027 1560 1206 1618 interdictum
1220 1562 1267 1620 sit.

334 1646 474 1708 Videntur
487 1654 581 1708 autem
594 1648 665 1707 haec
678 1666 763 1707 aurea
776 1648 821 1707 rel
832 1656 967 1726 argentea
980 1639 1214 1726 στεφανώματα,
1233 1655 1269 1708 nt
1284 1648 1356 1707 Bul·

248 1751 348 1793 samon
372 1739 473 1811 vocat,
503 1738 533 1792 et
555 1728 767 1815 dpryyoipcrc,
796 1752 917 1794 coronae
941 1735 972 1791 in
993 1751 1100 1792 morem
1118 1732 1243 1812 lampadi
1267 1736 1357 1793 scrisse

249 1818 397 1897 imposita,
418 1819 463 1877 rel
477 1824 571 1897 certe,
592 1821 671 1895 qnod
694 1812 906 1900 θριγγῶμαιος
926 1837 1030 1877 nomen
1049 1819 1144 1897 potius
1159 1819 1307 1877 suadet
1268 1820 1357 1897 ‚rpsi

247 1904 371 1983 lampadi
385 1904 569 1963 cancellorum
584 1923 635 1962 seu
655 1904 804 1983 sepimenti
820 1905 911 1977 instar
932 1904 1135 1981 circumposita
1156 1904 1238 1961 addit
1255 1904 1357 1963 Balsa-

249 2007 318 2051 mon
330 1988 385 2047 hoc
406 1990 481 2048 idem
498 1983 665 2069 προνὸμιον
682 2008 732 2047 seu
747 1989 923 2067 privilegium
946 1990 1119 2067 procedendi
1137 2006 1200 2045 curu
1223 1989 1355 2067 lampade

249 2092 413 2135 concessam
427 2076 515 2133 fuisse
526 2074 735 2153 archiepiscopo
748 2073 899 2151 Bulgariae
918 2080 949 2132 et
961 2074 1051 2151 Cypri
1070 2080 1101 2131 et
1120 2074 1216 2150 paucis
1238 2075 1354 2149 quibus·

250 2160 316 2217 dam
337 2160 577 2238 metropolitanis,
597 2164 628 2217 et
648 2164 760 2237 praeter
774 2159 828 2217 hos
848 2159 933 2231 nulli3
952 2164 983 2216 et
1000 2158 1173 2237 patriarchas
1189 2178 1248 2216 non
1267 2160 1355 2219 modo
1417 2182 1421 2192 ·

248 2244 277 2303 in
293 2264 345 2303 sua
363 2246 483 2304 dioecesi
500 2246 552 2305 sed
577 2250 608 2303 et
627 2249 706 2302 extra
723 2243 853 2320 lampade
870 2244 991 2301 illustres
1007 2244 1141 2321 progredi
1155 2262 1257 2321 posse3
1276 2245 1355 2319 quod

249 2328 345 2387 miultis
367 2330 430 2407 ipse
454 2331 589 2390 adversus
612 2326 790 2389 oblocutores
816 2330 956 2406 quosdam
975 2328 1138 2406 confirmat,
1164 2345 1250 2404 quern
1277 2330 1355 2409 legat

251 2432 300 2491 qur
291 2413 449 2474 voletis
463 2414 536 2473 luris
547 2413 611 2476 GR

319 2527 345 2581 p.
356 2510 429 2567 lbv.
441 2510 467 2565 2.
483 2529 499 2564 τ
501 2506 640 2579 perducor
657 2508 777 2563 nodulos
792 2512 844 2575 ert,
861 2507 965 2561 cantici
969 2507 1084 2562 nimirem
1096 2524 1188 2577 genus,
1203 2508 1238 2562 ad
1249 2510 1356 2563 slterim

250 2580 404 2647 exemplaris
420 2529 516 2633 uodo⁰
520 2596 550 2633 se
573 2578 691 2631 habentis
712 2595 826 2631 norman
851 2574 1036 2645 τρεπόμενοι,
1061 2578 1255 2632 decantandum.
1290 2580 1356 2633 haec

250 2648 408 2733 conseptos
422 2648 578 2731 commnpior
595 2646 731 2716 expositio.
770 2646 835 2699 aliar
857 2647 960 2699 fusius
951 2664 978 2699 ιιι
996 2647 1179 2714 Euchologicir
1201 2649 1355 2701 rettulimus.

249 2712 370 2783 ποιητάς
392 2734 469 2787 porro
492 2716 549 2770 cciv
569 2715 731 2784 rpounptcos
748 2714 894 2770 Anthinnm
913 2723 942 2769 et
958 2715 1099 2769 Trinaciam
1115 2722 1242 2771 memorat
1261 2718 1354 2782 Theo·

255 2784 351 2867 phanes
339 2791 398 2837 ιιι
418 2784 576 2839 eadredus·
568 2802 595 2838 ιιι
611 2784 699 2837 Leone
717 2787 741 2839 1.

318 2853 382 2907 ibid.
403 2850 484 2935 δόξα]
507 2854 598 2923 euple
622 2854 736 2923 reliqua.
766 2848 854 2935 πατρὶ
875 2849 925 2905 sal
948 2846 1006 2922 cipi
1029 2848 1080 2905 nal
1109 2847 1180 2938 ἁγίῳ
1204 2847 1353 2938 ascripsere.

251 2928 311 2991 post
327 2917 377 2973 ιιαὶ
395 2921 447 2974 edo
463 2918 512 2974 καὶ
529 2871 554 2975 ci

320 2989 355 3041 ib.
369 3007 397 3044 v.
416 2990 443 3044 8.
467 2986 503 3043 οὐ
525 2988 675 3059 obstiteras]
698 2988 834 3042 modulatis
856 2988 980 3072 varieque
998 2988 1075 3042 flexis
1098 2997 1188 3043 cantus
1211 2992 1282 3043 souis
1304 3007 1354 3044 non

249 3056 396 3180 :liecurdtpr
413 3058 556 3129 μιιφδῶςι
581 3057 628 3112 sed
649 3074 715 3112 voce
738 3057 872 3122 continua,
900 3075 991 3127 χαμα,
1015 3066 1044 3113 ιιι
1064 3059 1169 3130 scripsit
1193 3060 1354 3167 Philotheus,

271 3144 476 3197 ιαγινωσιιιται.

336 3216 374 3275 is.
388 3236 417 3275 v
433 3215 463 3283 5
503 3234 565 3275 mos
590 3215 646 3275 iste
677 3214 823 3275 accinendi
847 3211 1123 3292 imperatoribus
1091 3240 1126 3279 co
1154 3222 1249 3297 ποιυχ
1211 3213 1355 3317 υχρόνιον

250 3307 281 3359 et
294 3300 465 3361 acclamandi
479 3300 523 3377 εἰς
540 3296 635 3364 πολλοὶ
652 3299 700 3381 ἔτη
716 3300 831 3359 Graecis
852 3300 934 3358 valde
952 3299 1083 3375 frequens
1098 3302 1170 3381 fuit,
1193 3309 1227 3361 ut
1241 3306 1355 3383 saepius

250 3387 370 3465 posthac
387 3406 421 3447 es
434 3387 546 3447 Codino
560 3386 764 3465 intelligemus,
783 3404 867 3462 quem
881 3384 1025 3461 eleganter
1046 3346 1179 3447 describit
1200 3390 1356 3467 Cor-ippum,

251 3472 319 3529 dum
335 3471 478 3547 quomodo
495 3472 606 3531 Iustino
623 3472 727 3531 Iuniori
745 3493 780 3533 co
802 3464 1005 3549 πολυχρόνιον
1017 3470 1199 3531 acclamatum
1218 3474 1273 3551 sit,
1292 3495 1357 3534 ver-

250 3554 328 3615 sibus
350 3557 491 3634 explicat,
512 3558 548 3615 de
565 3556 694 3616 laudibus
715 3556 816 3619 lushni
839 3560 854 3618 1
877 3556 940 3617 202
963 3562 994 3613 et
1013 3556 1077 3621 356
1084 3596 1097 3634 ‚
1114 3563 1135 3621 2
1154 3559 1215 3621 165
1234 3565 1265 3617 et
1284 3562 1356 3623 308

145 3656 167 3713 p
183 3658 236 3717 215
335 3638 495 3719 Nicephoro
509 3638 620 3702 Phocae
633 3642 722 3701 factas
736 3640 947 3701 acclamationes
957 3640 1080 3700 suaviter
1095 3644 1247 3713 admodum
1257 3644 1358 3703 irridet

251 3722 445 3802 Luitprandus
472 3726 502 3783 in
526 3726 668 3805 legatione
692 3746 744 3785 sua
768 3726 936 3803 Cpolitana,
961 3723 1081 3802 loquens
1113 3730 1149 3787 de
1176 3730 1359 3808 processione

252 3808 363 3869 Phocae
381 3828 415 3869 er
432 3810 538 3888 palatio
552 3814 590 3871 ad
603 3818 730 3871 sanctam
747 3811 883 3889 Sophiam
895 3808 999 3888 (Leon.
1016 3810 1179 3893 Diacon'p.
1199 3816 1245 3873 ed.
1262 3815 1356 3874 Bona

252 3894 336 3974 847).
357 3894 437 3953 multi
451 3897 577 3973 prolecto
596 3899 625 3956 in
647 3898 690 3956 his
707 3896 951 3957 acclamationibus
974 3894 1070 3958 scotici
1093 3898 1142 3975 ὲίη
1163 3900 1357 3977 apprecaban—

253 3984 314 4057 tur,
337 3981 438 4055 quibus
450 3980 517 4039 nihil
532 3983 679 4041 iucundius
692 3984 817 4041 accidere
832 3978 972 4059 potuisset
991 4000 1075 4057 quam
1096 3984 1120 4041 si
1138 3985 1290 4062 imperator
1306 3985 1357 4045 illo

252 4065 314 4145 ipso
329 4066 384 4143 die,
407 4066 474 4141 quin
490 4072 519 4125 et
531 4066 579 4127 illo
589 4073 742 4146 momento,
762 4068 913 4145 repentina¹
925 4073 1016 4125 morte
1034 4070 1188 4129 exstinctus
1204 4071 1313 4129 fuisset

336 4150 516 4210 declamandi
539 4171 601 4212 mos
624 4158 705 4212 vetus
733 4159 794 4230 est,
820 4152 1003 4226 manavitque
1025 4172 1059 4211 ex
1084 4155 1201 4216 theatris
1226 4156 1257 4212 in
1283 4156 1361 4232 fora,¹

551 2920 577 2974 εί
592 2920 658 2974 adds
674 2919 723 2974 καὶ
738 2916 779 2981 εἰς
795 2915 861 2981 roric
878 2903 990 2981 sidrac:
1001 2922 1058 2972 τῶν
1076 2905 1198 2974 ulciscis.
1234 2918 1319 3005 ciprp'v.

253 4234 355 4296 deinde
369 4237 453 4299 etiam
468 4238 497 4297 in
511 4246 655 4315 senatum3
676 4240 742 4301 hinc
755 4240 794 4299 ed
808 4236 1031 4300 Christianorum
1044 4242 1179 4316 synodos.
1199 4241 1359 4321 exemplum
