3075 4867
282 312 331 395 30
597 322 746 393 CODINl
773 324 1071 395 eunomium

203 510 227 559 ο
281 494 364 573 ἐντὸς
382 495 502 581 μέντοι,
528 491 570 572 ὥς
594 494 725 585 εἴρηται,
750 503 807 581 τῆς
826 496 923 584 αῧλῆς
940 495 1050 583 μόνον·
1076 498 1203 583 ίκβῆναι
1218 496 1253 562 δὲ
1267 492 1381 581 ταάτης

281 595 442 684 λιισάτηςῆ
458 601 605 665 εἰσελθεῖν
616 598 692 667 οὔθ’
709 590 799 678 οὗτος
811 599 881 668 οὕτε
892 627 938 679 τις
951 603 1063 689 ἕτερος.
1111 605 1139 667 εἰ
1158 602 1192 667 δὲ
1212 596 1305 686 δεήσῃ
1321 599 1380 689 tp-

277 700 390 785 χονιάς
410 726 495 779 τινας
516 708 753 784 καβαλλικεῦσαι
776 705 808 770 ἔν
827 712 867 793 τῇ
888 705 985 792 αὗλῇ,
1012 709 1086 792 πεζῇ
1105 706 1161 787 μὲν
1182 704 1379 791 εῗσίρχονται,

279 804 345 871 εἶτα
367 802 645 887 καβιιλλικεάοσσιν.
697 803 789 873 πάλιν
806 809 840 873 δὲ
856 812 899 886 εἰς
913 808 968 892 τὴν
984 808 1114 892 ἐκβολὴν
1125 807 1227 874 αὐτῶν
1238 802 1379 886 πεζεάον-

279 935 329 985 τες
350 908 521 995 ἐξέρχονται
542 910 625 996 πεζῇ.
676 906 736 995 ίχει
753 936 787 975 τε
806 909 911 979 άδειαν
925 909 942 979 ὅ
957 908 1054 996 κόμης
1066 910 1218 993 βασιλέως
1229 905 1406 996 neptunus&

279 1012 439 1094 βασιλικὸν
461 1008 839 1101 καβαλλικεάεινσσριάν,
868 1010 934 1079 οἷον
953 1012 990 1080 tv
1008 1013 1168 1097 βσάλοιτο·
1194 1009 1327 1111 ἀνιόντος
1343 1012 1378 1077 ‹i'

192 1130 214 1183 P
234 1129 268 1183 62
286 1115 342 1198 οὔχ
365 1112 471 1193 οὕτως.
522 1112 602 1181 ἀλλὰ
618 1116 879 1201 σαγίσμαιοςτῶν
891 1124 945 1185 τοῦ
956 1120 1053 1183 iunco
1067 1118 1258 1183 σκααοολίιον
1269 1116 1381 1180 inmac—
1420 1178 1427 1193 ,

282 1219 374 1302 μίνοιι
396 1218 485 1305 μέχρι
509 1220 637 1299 καὶτῆς
659 1216 799 1302 ἡμισείας
821 1221 984 1298 σκίνιονεος
1000 1222 1107 1301 σέλας,
1133 1217 1214 1286 οὕτω
1232 1223 1382 1300 καβιιλλι-

284 1318 363 1390 usto
370 1369 380 1401 ,
406 1321 609 1408 ἀπερχόμενος
625 1320 761 1407 ἀλλαχοῦ
778 1324 834 1407 μὲν
849 1324 1009 1407 οὐδαμῶς,
1034 1325 1091 1402 ἕως
1106 1324 1140 1390 δὲ
1154 1324 1205 1392 καὶ
1218 1321 1311 1406 μόνον
1325 1325 1383 1386 τοῦ

283 1426 506 1513 στρατορικίοσ.
1390 1430 1430 1487 10

379 1527 479 1605 Ἔθος
494 1527 530 1594 δέ
544 1554 573 1595 τι
590 1530 641 1593 καὶ
656 1534 746 1595 τοῦτο
762 1530 833 1597 κατ’
849 1527 916 1607 troc
930 1530 1025 1609 ἐστίν,
1047 1529 1082 1595 τὸ
1096 1528 1175 1595 κατὰ
1190 1528 1244 1594 τὸν
1256 1531 1312 1592 τοῦ
1326 1550 1383 1608 με·

285 1628 381 1717 χάλοο
401 1630 518 1717 Πάσχα
536 1630 643 1719 καιρὸν
656 1634 798 1717 χιῖιεσθαι
812 1632 920 1709 σίλλος
933 1632 1095 1715 βασιλικάς
1110 1634 1162 1696 καὶ
1173 1628 1317 1715 χαλινοὺς
1331 1631 1385 1693 καὶ

285 1733 387 1799 εἰιάνιο
408 1736 516 1800 σκέιιια
532 1733 632 1801 πάντα
648 1733 754 1815 καινά,
781 1729 833 1800 κοίὶ
850 1735 890 1803 τά
904 1736 1020 1801 νιαλὰιιλ
1035 1734 1201 1817 λαμβάνειν
1216 1730 1316 1798 πάντα
1329 1731 1385 1797 τὸν

285 1835 402 1921 κόμηια
409 1885 419 1917 ,
444 1836 511 1921 ἤτοι
532 1838 588 1914 τὰς
603 1836 712 1916 σίλλος
726 1838 877 1921 μετὰτῶν
892 1840 1075 1921 κομιιοισίων
1091 1840 1142 1904 καὶ
1157 1836 1230 1914 τοὺς
1238 1833 1386 1920 χαλινοὺς

284 1939 365 2007 οὕτω
379 1940 457 2023 μετὰ
473 1946 534 2005 τῶν
549 1947 684 2027 scopein.
1394 1942 1430 1998 15

338 2122 342 2127 .
381 2040 429 2107 ‘H
446 2044 480 2108 δὲ
501 2049 561 2109 τῶν
583 2043 751 2128 λεγομένων
772 2048 892 2128 σορτῶν
909 2048 1077 2125 βασιλικῶν
1092 2044 1195 2107 innon
1208 2034 1385 2122 άκολοίθη·

284 2173 333 2224 αις
340 2194 351 2225 ,
373 2142 501 2229 ὁπηνίκα
516 2142 721 2232 καβαλλικεάῃ
737 2142 929 2227 ὃβασιλιάς,
955 2147 1071 2231 λίχεται
1083 2146 1226 2229 γενέσθαι
1241 2146 1273 2219 ἐξ
1286 2143 1386 2233 αι’τίας

244 2251 418 2345 Βρτοιᾶσδε.
457 2248 656 2330 τὸνβασιλέα
675 2246 827 2337 Θεόφιλόν
844 2275 921 2336 φασι
937 2250 1080 2334 γενέσθαι
1096 2249 1310 2335 φιλοδίκαιον..
1333 2244 1386 2308 iu-

283 2350 378 2436 νεάτην
395 2342 449 2425 οὖν
466 2349 632 2439 φερόμενόν
645 2378 716 2419 ποτε
725 2400 736 2431 ,
761 2349 936 2435 ὗσαντῆσαί
951 2378 1028 2439 φασι
1042 2360 1188 2442 γυναῖκα,
1214 2346 1386 2434 κράξουσιν

285 2454 397 2538 ἑαυτῆς
410 2452 484 2520 εἶναι
498 2455 550 2520 τὸν
560 2456 654 2521 innoc
665 2446 691 2544 qi
704 2458 855 2538 ἐποχεῖται
869 2452 885 2519 ὁ
897 2452 1050 2535 βασιλεύς.
1100 2459 1156 2519 τοῦ
1168 2449 1306 2518 τοιοάνοσ
1321 2452 1385 2515 τοί·
1393 2457 1450 2511 20¹

286 2586 340 2625 νον
362 2556 574 2635 ἐξετασθέντος
595 2554 758 2645 εὖρεθῆναι
776 2555 990 2641 άληθεάοοσσν
1004 2557 1060 2639 mii
1075 2558 1217 2641 γυναῖκα·
1238 2552 1313 2619 εἶναι
1329 2554 1386 2636 μὲν

286 2660 352 2749 γὰρ’
366 2660 419 2725 τὸν
441 2661 535 2725 innon
559 2659 670 2741 αὐτῆς,
691 2659 757 2755 Υτὸν
778 2662 813 2725 δι’
834 2660 966 2747 ίιιαρχον
989 2657 1175 2749 ἀφελόμενον
1196 2660 1312 2746 δῶρον,
1343 2652 1387 2733 ὥς

357 2852 551 2912 taunucum
566 2855 613 2911 AB
717 2854 750 2910 15
767 2809 899 2924 σοοντῶν
917 2854 963 2909 ΑΒ

289 3028 386 3082 dictum
403 3031 459 3092 est,
477 3026 634 3081 solummodo
650 3025 722 3081 intra
739 3025 838 3091 aulam
861 3026 1043 3084 exhausere
1061 3027 1174 3097 equitem
1194 3026 1268 3080 exire
1282 3026 1325 3079 vel
1341 3025 1383 3078 in-

289 3096 372 3151 troire
388 3112 473 3164 neque
490 3097 551 3149 huic
568 3112 653 3165 neque
670 3096 746 3150 alteri
762 3096 874 3166 cuipiam
894 3114 1044 3150 concessum
1058 3106 1110 3150 est.
1144 3097 1186 3150 sin
1202 3106 1288 3150 autem
1305 3111 1384 3177 epor-

290 3173 347 3220 teat
369 3182 492 3235 proceres
514 3165 616 3234 aliquos
638 3166 759 3235 equitare
782 3165 813 3219 iu
835 3165 909 3233 aula,
937 3168 1042 3236 pedites
1065 3167 1264 3235 ingrediuntur,
1291 3164 1387 3217 demde

291 3236 421 3305 equitant.
456 3250 545 3287 rursus
563 3251 621 3288 cum
638 3236 784 3290 abeundum
800 3242 856 3300 eet,
876 3236 1038 3289 descendunt
1051 3254 1085 3289 ex
1101 3253 1185 3306 equo,
1203 3243 1231 3287 et
1246 3234 1387 3303 egrediun-

289 3314 334 3359 tur
356 3304 469 3375 pedites.
513 3302 594 3357 habet
618 3322 704 3357 comes
727 3310 885 3373 potestatem
907 3312 1049 3373 praesente
1072 3305 1231 3373 imperatore
1252 3301 1387 3371 equitandi

290 3390 470 3442 quemcunque
484 3372 599 3426 voluerit
612 3372 780 3443 imperatoris
796 3389 890 3442 equum
907 3392 941 3425 ex
957 3373 998 3426 his
1014 3373 1061 3441 qui
1075 3375 1205 3427 ducuntur
1216 3390 1302 3426 manu.
1338 3373 1386 3424 ab·

289 3451 365 3494 sente
382 3442 542 3511 imperatore
558 3459 611 3495 non
627 3443 699 3497 item.
735 3442 784 3496 sed
801 3449 953 3510 tegumento
971 3442 1033 3510 equi
1049 3444 1163 3513 scapulis
1178 3443 1344 3495 incumbente
1360 3446 1388 3492 et

290 3510 400 3563 mediam
416 3510 506 3563 sellem
521 3511 659 3592 operiente
675 3512 792 3581 equitat3
813 3528 899 3579 neque
915 3528 1045 3579 quoquam
1062 3531 1092 3566 se
1108 3513 1212 3565 confert
1227 3512 1281 3564 uisi
1296 3512 1331 3564 ed
1346 3510 1386 3563 le·
1411 3506 1421 3524 ’

288 3596 346 3633 cum
363 3579 410 3632 ubi
427 3588 525 3633 amator
541 3588 725 3651 imperatorem
740 3582 770 3635 in
789 3596 885 3651 σοοαοι
897 3580 1027 3633 sublevat.

357 3680 556 3735 consuetudine
576 3692 711 3752 receptum
734 3688 776 3736 est
798 3689 828 3736 ut
849 3682 989 3752 quotannis
1005 3683 1076 3736 circa
1093 3698 1212 3751 maguum
1229 3681 1327 3753 pascha
1344 3698 1387 3735 re-

289 3760 420 3805 noventur
437 3768 525 3803 omncs
542 3751 708 3820 imperatorie
727 3752 807 3806 sellae
826 3752 896 3804 freni
914 3760 942 3805 et
959 3753 1046 3805 omnis
1062 3752 1114 3805 alia
1132 3751 1263 3821 tegmina,
1289 3751 1388 3803 omnia-

290 3836 341 3887 que
364 3826 455 3873 veteru
479 3819 593 3889 accipiat
618 3838 719 3889 comes,
746 3821 822 3873 sellas
846 3822 966 3875 nimirum
989 3840 1048 3875 cum
1071 3821 1189 3892 apicibus
1208 3820 1344 3875 muscariis
1362 3825 1389 3873 et

289 3891 367 3943 frena
384 3887 459 3943 simul
477 3905 535 3942 cum
552 3888 666 3959 phaleris
683 3908 714 3945 ec
732 3890 835 3943 floccis.
853 3956 856 3962 Ι

358 3991 482 4043 Ceterum
500 3992 639 4045 comitatus
657 4008 781 4063 equorum
801 3990 848 4061 qui
865 4008 941 4045 manu
957 3992 1101 4059 (locuntur,
1125 3992 1230 4063 quaudo
1247 3994 1389 4062 imperator

291 4059 401 4129 equitat,
419 4059 468 4111 teli
483 4078 517 4115 ex
534 4061 672 4114 occasione
690 4061 826 4115 exstitisse
841 4061 937 4115 fertus.
971 4062 1041 4114 lame
1053 4071 1093 4115 est
1103 4062 1286 4134 imperatorem
1298 4062 1389 4113 Theo·

292 4130 390 4199 philum
412 4128 495 4183 fuisse
515 4130 632 4184 iustitiae
650 4140 790 4186 amentem.
824 4147 882 4183 curn
898 4130 982 4197 igitur
998 4132 1110 4200 quodam
1125 4142 1244 4202 ternpore
1262 4148 1329 4201 equo
1346 4130 1387 4182 iu·

292 4200 400 4267 sideret,
420 4198 565 4253 occurrisse
582 4200 657 4254 siunt
672 4200 802 4270 quandam
819 4198 1004 4267 mulierculam,
1022 4209 1050 4255 et
1065 4202 1190 4257 clamasse
1202 4219 1296 4271 equum
1308 4200 1387 4266 illum,

221 4318 226 4330 ,
293 4286 345 4338 quo
363 4268 510 4324 vehebatur
525 4268 684 4338 imperator,
708 4285 783 4323 suum
801 4285 869 4322 esse.
905 4266 1076 4338 inquisitione
1092 4272 1165 4326 facta
1180 4271 1312 4339 cognitum
1330 4286 1388 4321 esee

293 4339 427 4394 mulierem
444 4338 628 4409 nemimem,
647 4354 741 4409 equum
758 4337 828 4393 enim
843 4337 927 4408 ipsius
944 4346 1019 4408 esse',
1039 4340 1180 4414 eparchuuq
1196 4349 1283 4395 autem
1300 4340 1330 4394 vi
1344 4355 1387 4393 ru-
