3075 4867
384 803 441 919 Ρ.
490 806 867 921 rnooaus
908 807 1143 959 cona

629 982 911 1062 LECTORI.

217 1230 324 1368 Quod
345 1290 397 1331 usu
415 1271 489 1333 solet
507 1274 616 1337 evenire
634 1274 687 1335 illis
705 1276 755 1354 qui
772 1276 847 1338 iuter
862 1275 1045 1356 expurganda
1063 1274 1218 1333 dirutorrun
1238 1270 1316 1330 aedi-

216 1373 341 1433 ficiorum
363 1374 467 1435 rudera
481 1382 590 1437 veteres
612 1378 762 1439 offendunt
781 1384 812 1438 et
831 1378 970 1439 effodiunt
992 1396 1131 1453 nummos,
1158 1374 1227 1433 illud
1242 1374 1365 1431 idem

217 1475 352 1535 hactenus
378 1476 529 1539 Codiniani
553 1481 645 1559 operis
665 1480 866 1561 interpretibus
895 1480 1048 1558 contigisse
1076 1479 1231 1553 neminem,
1268 1474 1319 1551 qui

217 1577 334 1655 legerit,
360 1578 463 1638 infitias
478 1580 581 1641 iturum
596 1588 682 1662 puto,
705 1582 745 1641 illi
764 1582 904 1661 siquidem
919 1580 969 1640 ubi
987 1585 1100 1660 praeter
1114 1597 1224 1640 omnem
1238 1595 1319 1656 spem

214 1680 246 1739 iu
267 1679 382 1756 aliquod
403 1682 540 1741 numisma
556 1684 694 1763 incidere,
721 1702 753 1744 se
772 1683 926 1764 locupletes
939 1680 1118 1755 existimant3
1146 1682 1223 1740 unde
1242 1680 1319 1737 iacto

215 1781 323 1861 impetu
336 1782 463 1861 irruunt,
484 1789 515 1843 et
538 1786 619 1860 quasi
632 1786 706 1845 soret
725 1786 864 1846 reconditi
883 1784 1007 1845 thesauri
1026 1788 1233 1861 argumentum,
1259 1798 1320 1839 ma-

215 1883 270 1943 iori
281 1884 427 1942 conamine
444 1890 548 1945 terram
566 1887 632 1947 hinc
650 1889 717 1947 inde
738 1894 852 1965 eruunt,
872 1888 1008 1966 gaudent,
1027 1885 1173 1961 mirantur,
1193 1886 1321 1962 sperant,

217 1991 249 2045 et
278 1987 422 2063 quodnam
444 1986 483 2045 sit
504 1988 609 2070 metalli
632 2006 723 2067 genus
743 1996 795 2049 aut
827 1995 958 2050 monetae
988 1987 1096 2067 species
1117 1982 1321 2058 unusquisque,

106 2132 112 2141 ,
217 2094 304 2168 prout
329 2089 417 2151 menti
441 2091 577 2169 occurrit,
606 2091 816 2170 interpretatur.
857 2110 903 2153 me
923 2089 1063 2168 Hercule,
1090 2087 1115 2146 si
1142 2104 1201 2144 non
1227 2082 1322 2141 felices

218 2190 343 2269 omnino,
360 2192 458 2250 sinon
469 2191 570 2249 divites
583 2190 633 2270 illi,
653 2191 738 2253 beata
750 2193 919 2253 numismata
933 2190 1050 2270 quaein
1061 2188 1172 2249 illorum
1186 2186 1323 2244 devenere

218 2309 335 2368 manus,
361 2310 480 2368 quarum
499 2296 588 2371 o'pera
610 2299 785 2355 contractam
804 2296 940 2355 amittunt
955 2292 1121 2371 rubiginem,
1145 2294 1175 2348 et
1188 2286 1323 2364 quicquid

218 2393 378 2469 squalidum
402 2393 568 2453 adhaeserat
589 2394 752 2475 deponunt,
782 2398 824 2457 ita
841 2401 876 2455 ut
895 2396 923 2453 si
940 2413 999 2455 non
1017 2392 1167 2473 pristinum
1186 2386 1322 2464 valorem,

217 2495 380 2553 restitutum
404 2494 504 2551 saltem
528 2512 563 2551 ex
587 2494 681 2569 aliqua
707 2502 790 2575 parte
811 2497 950 2575 recipiunt
972 2494 1160 2573 splendorem.
1199 2493 1323 2550 fossores

218 2612 286 2655 vero
305 2614 358 2655 nec
377 2596 493 2654 ditiores
510 2611 563 2652 nec
580 2594 717 2657 feliciores
738 2596 869 2677 appello,
901 2596 926 2654 si
950 2595 1072 2674 pretium
1096 2592 1203 2651 nullum
1222 2591 1275 2668 ait,
1299 2592 1325 2648 si

220 2698 298 2757 cuius
318 2697 451 2776 principis
471 2698 680 2776 inscriptionem
695 2687 840 2757 ‘numisma
865 2698 939 2757 ierat
962 2703 1013 2756 aut
1037 2694 1187 2775 imaginem
1212 2710 1325 2772 reprae-

221 2804 316 2873 sentet
340 2799 479 2875 ignorent.
522 2818 620 2859 exesos
645 2800 775 2877 rubigine
794 2799 968 2859 characteres
988 2797 1178 2877 perlustrant3
1214 2815 1249 2855 ac
1270 2794 1325 2853 nisi

200 2878 368 2962 'truanni
392 2904 521 2962 noverint
547 2910 597 2961 aut
621 2903 733 2962 aliunde
756 2902 914 2980 acceperint
935 2901 1004 2975 quid
1027 2899 1124 2963 literae
1147 2901 1193 2961 vel
1218 2902 1326 2979 figurae

225 3003 398 3081 significent,
425 3023 484 3063 non
505 2989 703 3083 explanabhnt.
745 3008 937 3062 verumtamen
958 3002 1038 3079 quod
1064 3006 1103 3063 ad
1126 3004 1230 3063 Codini
1253 3020 1325 3082 opus

225 3107 344 3184 attinet,
379 3105 487 3165 etiamsi
508 3124 577 3186 prae
600 3109 742 3165 vetustate
769 3124 829 3164 non
853 3106 892 3164 sit
916 3105 1076 3183 rancidum,
1108 3124 1177 3185 prae
1201 3105 1328 3164 novitate

225 3215 337 3286 tamen,
365 3227 438 3285 quae
461 3210 593 3279 maiorem
605 3209 695 3267 luceru
711 3207 915 3286 utplurimum
938 3207 1054 3265 deberet
1076 3208 1254 3285 promittere,
1283 3208 1327 3265 in-

226 3312 337 3370 venitur
355 3310 513 3371 obscurum.
554 3312 591 3369 de
610 3326 718 3388 nupera
740 3326 862 3386 namque
881 3310 972 3369 solum
985 3308 1104 3368 Graecia
1115 3308 1243 3367 Codinus
1257 3309 1328 3385 agit,

224 3432 283 3473 non
307 3413 421 3472 vocibus
448 3419 559 3472 tantum
584 3411 681 3488 novis,
704 3410 774 3488 sed,
807 3413 887 3487 quod
901 3413 1000 3471 mirum
1017 3415 1080 3490 est,
1110 3412 1167 3472 iam
1185 3411 1326 3473 obsoletis.

168 3512 172 3523 '
225 3534 294 3575 usus
315 3516 437 3595 quippe,
466 3515 516 3591 qui
538 3515 707 3573 recentiores
722 3512 793 3571 ritus
814 3532 906 3573 mores
934 3514 1026 3573 officia
1050 3519 1162 3593 vestes,
1186 3515 1328 3589 integrum

227 3610 350 3693 denique
374 3614 510 3675 Graeciae
523 3621 629 3675 statum
652 3616 773 3694 invexit,
807 3616 933 3676 Orientis
954 3636 1051 3679 everso
1067 3617 1183 3697 imperio
1200 3615 1328 3673 funditus

226 3718 347 3790 interiit3
386 3722 417 3775 et
445 3716 498 3776 sub
526 3717 614 3796 ipsius
629 3718 727 3796 Cpolis
756 3717 859 3798 ruinis,
893 3738 967 3795 quae
987 3726 1054 3780 ante
1067 3721 1204 3778 ducentos
1217 3722 1329 3775 tanturn

227 3838 318 3879 annos
341 3819 370 3876 in
396 3838 430 3877 ea
452 3818 586 3897 vigebant
610 3820 842 3900 consuetudines,
879 3824 946 3899 quia
968 3825 1055 3883 ferme
1077 3839 1152 3879 novo
1177 3824 1208 3877 et
1230 3819 1330 3896 ignoto

228 3920 364 3997 loquendi
384 3940 487 3998 genere
510 3939 675 4001 expressae,
707 3921 801 3981 iacent
821 3924 920 3983 misere
942 3921 1129 4002 conseprdtae
1171 3939 1275 4000 paucos
1296 3936 1331 3977 ea

228 4023 265 4081 de
287 4040 371 4081 causa
386 4023 508 4102 reperire
527 4024 637 4101 estqui
658 4032 776 4105 aspectu
796 4028 886 4106 primo
905 4046 965 4087 non
983 4025 1169 4100 demirentur,
1204 4020 1330 4098 quamtis

228 4125 285 4183 rari
309 4124 366 4182 sint
387 4126 437 4201 qui
464 4125 580 4205 propius
604 4128 785 4207 inspicientes
807 4126 902 4188 literas
923 4129 1044 4189 auctoris
1068 4146 1102 4187 ac
1120 4125 1180 4183 eius
1192 4119 1332 4182 scribendi

230 4225 417 4286 characterem
436 4224 480 4285 vel
501 4228 655 4289 evolverint
677 4230 722 4291 vel
745 4231 927 4309 penetrarint
970 4248 1055 4307 quam
1073 4226 1218 4286 infeliciter
1235 4222 1335 4296 Iunior

230 4328 260 4387 in
280 4326 446 4389 elucidanda
465 4330 629 4410 verborum,
661 4333 762 4411 quibus
784 4353 851 4392 usus
874 4337 918 4391 est
933 4332 1077 4408 Codinus,
1100 4328 1270 4388 obscuritate
1284 4326 1333 4384 dea
