3075 4867
547 309 595 380 m
623 304 774 382 CODINI
800 307 896 386 (λΔΡ.
910 314 954 385 V.
1219 318 1297 391 267

195 474 548 558 medicamentanon,
574 471 701 555 εύτελεῖς
722 478 861 565 θυρωροὶ
888 484 946 545 τοῦ
966 472 1300 564 contrectandam

196 560 309 621 Iunium
324 562 394 651 λιὶο,
408 556 471 625 ἄλλ’
491 556 548 627 οὖν
561 559 642 627 κᾶτα
655 565 807 642 ἵστανται,
829 558 886 630 orio
899 568 1024 647 accipere
1037 587 1089 647 pro
1101 563 1141 630 ού
1146 594 1156 645 3
1175 571 1301 647 dicitque
1368 574 1372 579 ’

197 645 232 710 τδ
248 655 268 711 ιλ
287 666 351 707 esse
363 649 670 727 ineptamparagogen
693 652 855 711 recentioris
879 653 1029 729 Graeciac3
1049 654 1135 729 idque
1153 657 1301 717 confirmat

197 752 233 792 ex
254 732 316 795 eliis
336 735 447 792 duobus
463 734 566 803 Codini
584 735 670 812 locis,
690 736 739 794 ubi
759 742 844 813 putat
867 729 925 799 οὖν
946 758 1000 817 pro
1021 734 1060 799 οέέ
1076 739 1179 817 accipi„
1203 760 1301 801 verum

197 836 251 877 nos
265 818 359 896 potius
374 816 511 879 credimus
522 821 631 879 duobus
644 818 697 879 illis
710 820 789 899 locis,
803 841 827 881 c
848 822 886 886 14
902 828 932 881 et
954 843 978 883 ο.
996 825 1036 885 17
1055 818 1089 885 εδ
1104 826 1123 884 ν
1138 842 1201 882 cose
1219 844 1302 884 aasu-

196 910 324 962 mentum
343 904 432 983 inepti
452 903 570 983 librarii,
597 902 804 983 legendumque
825 898 879 982 ού,
899 926 958 967 non
981 898 1053 971 ούνι
1074 926 1108 966 eo
1128 914 1223 969 autem
1235 909 1300 972 loco

197 988 235 1046 de
249 1006 306 1065 quo
322 988 368 1048 hic
380 988 535 1069 loquimur,
556 981 613 1055 ούν
627 1000 703 1052 recte
716 992 801 1073 poni,
820 1009 914 1075 neque
932 1012 986 1074 pro
1008 984 1141 1072 negativa
1162 994 1299 1075 particula

196 1065 236 1137 ού
248 1074 386 1154 οιατμιεεί.

266 1173 303 1225 it.
319 1187 346 1227 r.
365 1172 408 1227 18.
425 1172 476 1242 τῆς
494 1166 672 1243 προκύψεοις]
689 1172 809 1239 videant,
828 1173 911 1243 inquit
928 1172 1073 1240 Mennim,
1093 1190 1126 1228 an
1143 1178 1215 1229 recte
1231 1176 1299 1230 cdo-

197 1241 326 1295 rationem
342 1249 371 1294 et
387 1242 530 1296 oratorium
549 1242 599 1295 viri
618 1242 688 1297 docti
703 1243 754 1297 rint
770 1242 942 1314 interpretati.
975 1261 1108 1314 nusquam,
1125 1244 1232 1299 Meurci.
1256 1250 1300 1299 ert

89 1348 96 1357 .
198 1311 265 1363 enim
281 1311 309 1363 in
325 1311 455 1381 profanis,
472 1310 578 1366 theatria
595 1319 623 1365 ct
641 1308 975 1395 ερεολεοοΙίεςπρόκτφις.
1010 1330 1042 1366 ca
1057 1314 1230 1368 Genaenr'iom
1240 1330 1311 1367 ma-·

199 1379 323 1447 girmatua
342 1396 399 1433 cum
419 1381 570 1450 proceribus
586 1386 672 1433 attane
700 1398 785 1435 coram
810 1387 965 1451 imperatore
988 1377 1028 1443 τίς
1051 1376 1103 1436 τδν
1122 1378 1223 1451 καιρὸν
1244 1383 1297 1452 τῆς

197 1444 363 1515 προκύιγεοις
380 1466 404 1501 c.
423 1450 450 1504 7.
484 1448 606 1503 orationis
626 1450 714 1503 fortan
732 1451 869 1521 temporat
888 1451 936 1503 imo
952 1468 1013 1503 vero
1026 1449 1139 1519 prandii,
1153 1448 1234 1521 μέχρι
1244 1454 1298 1519 τῆς

197 1511 345 1585 τραπέζης.
381 1517 407 1569 in
424 1518 534 1572 ecclesia
551 1516 593 1571 vel
608 1514 723 1572 sacello?
756 1527 854 1573 tantum
872 1519 961 1572 abertr
984 1518 1012 1572 ia
1030 1519 1155 1587 triclinio,
1177 1520 1221 1573 ubi
1238 1536 1298 1574 cum

199 1585 272 1639 curia
286 1591 439 1652 veneratur,
457 1584 497 1649 είς
512 1581 565 1655 τῆν
580 1584 762 1657 παράστασιν.
798 1605 861 1657 ergo
879 1587 942 1641 nibil
959 1588 1079 1642 semotius
1094 1589 1127 1641 ab
1143 1589 1257 1641 oratorio
1267 1593 1297 1642 'et

198 1654 350 1708 adoratione
365 1671 441 1725 quam
458 1652 607 1725 πρόκνφις.
644 1674 676 1709 en
692 1658 784 1711 iterum
800 1657 869 1727 apud
889 1657 1012 1710 comneni
1027 1657 1107 1710 filiam
1123 1657 1141 1712 1.
1161 1657 1297 1713 {interius

198 1729 275 1793 pater
291 1718 408 1789 περὶτὰ
426 1721 568 1792 κρήδεμνα
584 1721 734 1793 προκύψας
750 1721 844 1795 ὁμιλεῖ
857 1729 917 1786 τοῖς
938 1721 1086 1788 Σκύθαιςι
1117 1744 1148 1779 cr
1168 1728 1296 1780 moenium

195 1792 286 1861 pincia
303 1792 445 1845 inclinatae
462 1794 567 1861 scythin
592 1795 763 1861 τοίίοηαέιιινι
787 1793 848 1862 qaid
866 1799 923 1846 oret
939 1800 983 1846 aut
999 1794 1060 1862 quid
1077 1795 1185 1859 adoret,
1212 1796 1297 1849 nallue

196 1860 322 1945 agnoscit.
356 1861 521 1915 eodemlibro
534 1862 671 1929 imperator
687 1862 753 1915 idem
770 1855 829 1915 ύκδ
843 1863 895 1915 τού
911 1860 1018 1931 τείχους
1032 1862 1202 1932 προκύπτει,
1219 1882 1298 1933 egre-

197 1946 241 1998 grc
257 1946 319 1982 rane
334 1929 487 1992 distractus,
505 1931 550 1999 qui
566 1930 597 1983 de
615 1929 730 1983 oratione
746 1947 796 1983 non
808 1940 848 1983 ert
856 1931 989 1987 sollicitor.
1022 1939 1153 1985 caeterum
1164 1933 1297 2003 qaidger·

196 2015 270 2051 mane
284 1994 425 2065 πρόκυεγις
440 1998 550 2067 indicet,
566 1999 634 2052 haud
651 2000 745 2053 reticet
761 1999 884 2058 Nicctarr
901 2001 995 2071 probet
1011 2001 1054 2083 qui
1072 2002 1176 2054 Graeca
1193 2019 1244 2054 non
1255 2002 1298 2087 ig·

197 2074 274 2120 norat
291 2068 401 2119 auctoris
420 2068 517 2120 Graeci
533 2074 652 2123 mentem.
685 2068 710 2121 in
733 2068 821 2121 Alexio
842 2068 861 2121 l.
883 2072 897 2124 1
924 2065 1004 2137 ἔστη,
1020 2069 1120 2138 lnquit,
1136 2063 1232 2122 έποὶνιο
1247 2087 1298 2123 το·

196 2152 255 2188 που
272 2129 383 2204 ύψηλοῦ
400 2128 533 2205 ἐξαίφνης
550 2137 665 2203 φανείς,
687 2132 808 2205 ποιήσας
829 2132 882 2205 τῆν
904 2137 956 2191 νῦν
980 2134 1129 2206 λεγομένην
1145 2134 1299 2209 πρόκυψιν,

197 2205 230 2259 dc
247 2204 304 2257 loco
320 2202 434 2257 nimirum
450 2204 614 2258 eminentiore
630 2207 877 2275 prospectationcrr,
894 2223 925 2259 eo
945 2206 1013 2273 quod
1034 2206 1088 2259 eius
1106 2208 1214 2260 thronua
1236 2225 1299 2278 ιορ-

199 2273 315 2345 pedaneo
333 2290 364 2325 ac
381 2272 494 2343 pluribus
511 2275 632 2343 gradibus
650 2274 764 2329 elevatur
783 2291 840 2327 eam
857 2274 928 2327 vetut
945 2274 1070 2327 acclinem
1090 2275 1123 2326 de
1134 2275 1238 2346 excelso
1249 2292 1299 2345 po-

199 2344 285 2415 pulum
302 2342 372 2395 infra
388 2342 496 2411 positum
514 2343 641 2412 respicere
659 2343 818 2396 concederet
852 2343 921 2395 haud
936 2348 1060 2396 memorat
1076 2343 1195 2412 quidem,
1217 2345 1299 2414 epdo-

196 2412 260 2465 aime
279 2416 364 2465 tamen
379 2408 521 2479 πρύκνψιν
537 2411 659 2465 describit
677 2412 812 2479 Gregorar
829 2410 864 2462 ad
882 2416 1019 2463 extremam
1043 2410 1166 2465 historiae
1192 2412 1297 2467 calcem.

197 2473 285 2549 δῆλόν
302 2472 359 2533 έστι
376 2484 437 2541 τοῖς
451 2474 557 2533 ἅπασιν
574 2474 611 2540 cic
631 2474 664 2531 cti
679 2480 731 2531 τοῦ
753 2474 889 2532 ἐπιπέδου
912 2473 944 2533 έκ
970 2474 1121 2547 διαμέτρου
1144 2474 1232 2566 ἄκρβτ
1251 2499 1297 2554 τες

196 2550 254 2602 τῶν
271 2548 419 2619 βασιλικοῖν
434 2548 579 2671 τφικλίνοιν
595 2542 753 2615 οἷμφόττραι
769 2543 952 2614 δπέριιεινταί
965 2565 1021 2599 που
1036 2548 1091 2603 τού
1112 2550 1213 2617 μεταξυ
1232 2499 1297 2605 έπι·

195 2614 287 2671 πέδου
304 2612 369 2687 ἄχρι
383 2613 433 2671 καλ
463 2636 505 2679 ςτ
523 2616 583 2671 ίτον
602 2616 758 2685 σπιθαμῆς,
781 2614 830 2670 καλ
845 2613 963 2687 μάλιστα
979 2611 1036 2684 ὅπη
1052 2613 1103 2670 καλ
1120 2612 1136 2670 δ
1154 2614 1296 2687 βασιλικὸς

197 2684 293 2755 ἕστηκε
310 2681 432 2755 θρόνος,
456 2680 492 2739 ἵν’
507 2636 576 2749 0ίσοις
593 2680 640 2754 ἔχη
658 2704 685 2739 τι
701 2680 756 2737 κιῖν
772 2681 862 2739 τούτω
878 2681 966 2739 πλέον
982 2686 1049 2752 τῶνΙ
1060 2682 1151 2740 ἄλλων
1175 2682 1192 2739 d
1217 2686 1305 2757 βασι·ι

198 2749 262 2817 teris
279 2749 438 2821 ίοτοίμενος,
463 2752 494 2808 έν
510 2772 541 2808 τε
553 2758 617 2816 ταῖς
632 2750 721 2820 ΐεραῖς
735 2738 905 2823 ύμνῳδίαις,
931 2751 980 2807 καὶ
997 2749 1043 2808 ὅτε
1062 2750 1218 2823 διαλέγοιτο
1241 2757 1295 2811 νῦν

196 2819 249 2893 μέν
265 2828 325 2884 τοῖς
338 2818 475 2891 ὑπηκόοις
490 2824 543 2876 νύν
564 2817 597 2875 di
619 2826 679 2883 τοῖς
699 2816 727 2886 ἐξ
753 2817 847 2878 tocco
871 2818 1027 2892 πρέσβεσιν.
1063 2818 1168 2889 ἐξεῖναί
1187 2842 1218 2894 γε
1237 2820 1296 2894 μήν

198 2887 242 2948 ἐπ’
259 2886 365 2960 ἐκείνης
382 2894 431 2958 τῆς
446 2890 565 2953 στάσεως
581 2885 676 2945 ούδενλ
691 2894 747 2944 τῶν
764 2887 899 2945 ἁπάντων
916 2894 955 2962 τῷ
970 2891 1083 2975 βασιλεῖ
1100 2892 1301 2963 συνίστασθαι,Ι

196 2957 271 3030 πλήν
287 2962 338 3029 τῆς
354 2958 471 3029 συζύγου
488 2958 608 3015 καὶτῶν
624 2956 709 3013 υίέοιν
725 2958 775 3013 καὶ
791 2962 847 3014 τῶν
869 2957 1013 3029 οἷδελφων,
1038 2962 1195 3031 προσθείην
1212 2960 1238 3015 δ’
1255 2955 1294 3017 δέν

196 3028 318 3084 καὶτῶν
332 3026 546 3097 πατραδέλφων.
582 3028 691 3081 observa
708 3030 826 3083 Graecos
842 3029 994 3093 hodiernos,
1012 3036 1042 3083 ut
1064 3032 1170 3099 atiqucm
1189 3032 1295 3084 iubeant

197 3118 214 3153 a
232 3101 346 3152 fenestra
363 3098 406 3151 vel
420 3100 516 3152 exedra
532 3114 591 3168 pros
610 3099 693 3163 icere,
716 3098 802 3151 dicere
818 3095 891 3164 κύφε
908 3100 951 3151 rei
968 3095 1066 3168 σκύφε.
1100 3118 1132 3152 an
1154 3098 1295 3168 πρόκνψις

197 3168 232 3221 cit
252 3167 314 3221 illud
331 3166 481 3233 περίδοξον
497 3116 666 3235 προσκήνιον
684 3166 825 3239 βασιλικῆς
841 3162 942 3236 αύλῆς,
957 3168 984 3219 in
999 3184 1050 3237 quo
1061 3169 1198 3221 morituros
1210 3168 1294 3221 Tibe-

196 3238 249 3290 rim
268 3236 302 3290 ad
319 3240 435 3289 renatum
450 3236 591 3291 orationem
608 3236 712 3300 habuit,
734 3241 765 3289 ut
783 3235 855 3289 initio
871 3236 889 3289 1.
908 3232 923 3289 l
943 3236 1025 3289 refert
1035 3236 1183 3299 simocatta,
1200 3243 1228 3290 ct
1239 3239 1294 3290 Ce-

197 3307 290 3360 drenus
308 3306 335 3359 in
355 3304 497 3360 Iustiniano
514 3300 686 3372 προσκήνιον
701 3305 750 3372 τῆς
774 3304 927 3375 βασιλικῆς,
955 3304 1016 3356 mihi
1036 3305 1135 3373 penitam
1158 3311 1199 3358 ert
1220 3306 1295 3358 indu·

196 3376 279 3427 biamc
298 3379 338 3427 ert
354 3373 419 3426 enim
437 3373 505 3445 quod
525 3374 639 3427 Zonaras
654 3369 851 3441 τριβουνοὶλιον
865 3372 892 3425 in
911 3372 1023 3425 eiusdem
1039 3373 1092 3425 vita
1104 3374 1224 3443 appellat.
1247 3374 1295 3427 tri-

196 3444 325 3499 bunalium
343 3449 426 3565 antvem
444 3444 499 3499 circ
513 3442 626 3497 tribunal
637 3441 735 3511 regium
754 3440 815 3512 qaid
834 3440 902 3495 aliud
921 3458 997 3511 qaam
1009 3436 1165 3512 πρύκυψις,
1189 3443 1222 3497 dc
1243 3458 1297 3513 qua

196 3512 271 3568 nobie
289 3529 372 3566 nermo

282 3619 349 3678 idid.
368 3616 551 3676 Bardariotee
572 3638 590 3676 a
608 3616 744 3676 Barderio
757 3616 872 3675 flumine
884 3615 1084 3695 Macedoniae,
1105 3616 1183 3675 cuioa
1202 3618 1299 3676 memi-

198 3705 241 3763 nit
261 3702 427 3765 Wilhelmus
449 3702 553 3780 Tyrius
576 3703 642 3762 belli
664 3702 736 3763 sacri
760 3704 783 3764 2
815 3703 855 3766 13
883 3701 990 3766 et'1t.
1018 3704 1055 3761 de
1088 3701 1189 3779 quibus
1213 3704 1299 3783 paulo

194 3796 263 3869 post
277 3790 359 3871 plura
370 3789 507 3849 Codinus.
866 3785 868 3790 ’

265 3904 330 3958 ibid.
366 3905 504 3957 Persarum
524 3902 654 3971 antiquum
673 3920 753 3973 geom
774 3918 791 3955 a
807 3901 952 3974 Theophiio
968 3901 1125 3970 imperatore
1143 3901 1212 3955 circa
1229 3903 1296 3956 Bar·

198 3972 295 4027 darium
312 3972 479 4026 Macedoniae
496 3972 617 4040 flumana,
634 3968 720 4038 Ἄξιόν
735 3973 806 4042 priua
823 3972 934 4035 dictum,
958 3988 991 4025 ex
1008 3972 1125 4035 Ζοοιτα,
1147 3970 1297 4025 nauciacum

198 4042 312 4095 afluvio
330 4059 419 4095 nomen
438 4042 546 4112 accepit.
583 4050 674 4096 auctor
698 4042 775 4098 infra.
794 4040 865 4094 mco
885 4042 1076 4094 Grammaticus
1092 4040 1119 4091 in
1136 4040 1296 4108 Theophiloc

197 4106 288 4181 τούτῳ
308 4106 483 4180 προσέφυγεν
508 4106 655 4181 Θεόφοβος
672 4108 781 4179 Πέρσης
798 4104 856 4178 ἅμα
872 4110 915 4181 τῷ
930 4106 1017 4176 πατρὶ
1033 4103 1122 4163 adreci
1135 4102 1204 4178 μεεοὶ
1222 4107 1294 4174 Περ·

196 4180 253 4233 σῶν
268 4176 402 4249 χιλιάδων
417 4180 677 4247 τεσσαρεσκαίδεκα,
695 4175 745 4242 otte
761 4175 895 4248 διένειμεν
911 4167 994 4241 οὗτος
1011 4172 1041 4231 έν
1054 4181 1115 4239 τοῖς
1130 4171 1234 4243 δέμασι
1244 4194 1295 4228 κοι-

193 4245 374 4315 τασκηνύσας
390 4247 439 4301 καλ
456 4246 495 4309 είς
511 4245 633 4319 τούρμας
649 4244 897 4319 ἀποκαταστήσας,
926 4245 955 4304 οἳ
971 4243 1052 4319 μέχρι
1067 4246 1119 4301 τού
1132 4246 1183 4300 νύν
1199 4240 1293 4315 λέγον-

193 4335 242 4372 ται
256 4318 375 4389 τοῦρμαι
386 4316 509 4389 Περσῶν.
