3075 4867
300 318 375 388 210
453 313 664 384 GRETSERI
680 314 736 382 ET
754 311 888 382 GOARI
903 312 1238 384 COMMENTARIUS

295 472 1404 615 stltlwittttt'ltt'‘tlltltltl„zlellnlttlllzltt

297 567 501 673 babbtuliicetas
517 618 544 670 in
559 566 686 670 Alexioed
702 581 737 683 C,
753 615 885 668 muscarii
904 632 960 668 cum
979 616 1114 668 Gnutbero
1125 616 1169 668 vel
1182 565 1403 670 sabbellarii’cum

296 687 430 740 deeuico
446 686 577 759 proprium
594 685 688 738 debeat
706 700 834 748 asserere,
850 700 947 754 aequus
964 684 1046 737 lector
1059 684 1221 738 iudicaverit.
1248 685 1317 738 'illud
1329 685 1404 740 circa

295 756 392 810 Leonis
417 755 531 809 Armenii
556 761 674 824 tempora
693 753 777 836 primo
797 753 927 806 inventum
950 754 993 805 val
1017 754 1130 806 auditum
1147 771 1180 807 ex
1198 753 1358 822 'lbeopbane
1374 761 1404 809 et

296 826 416 878 Οοονοοο
436 825 463 876 in
485 823 542 877 eius
565 823 621 875 vita
646 822 762 875 conuicio.
805 838 895 874 munus
918 822 993 874 etiam
1015 822 1127 876 eiusdem
1147 823 1199 876 fuit
1219 823 1403 892 imperatorum

294 892 525 963 subscriptionibus
540 891 668 946 attestari.
702 891 740 944 sic
764 907 819 942 cnm
837 890 1050 960 subscripsissent
1066 899 1176 946 octavae
1192 892 1285 958 synodi
1303 892 1403 946 actioni

295 963 411 1016 decimae
423 961 594 1032 imperatores
609 959 721 1013 Basilius
736 960 921 1014 Constantinus
940 966 967 1012 et
983 960 1051 1021 Leo,
1076 962 1190 1014 exaratis
1206 961 1322 1014 nimirum
1338 969 1404 1015 ante
1513 979 1514 988 ¹

295 1033 394 1102 scripta
409 1029 510 1084 nomina
527 1030 661 1092 metus,
684 1023 717 1081 ssi
736 1028 913 1098 srieppocpr‘pg
935 1024 1089 1082 ὑπόλοιπον
1106 1025 1226 1098 γέγραφε
1242 1027 1404 1098 Χριστοφό-

296 1120 346 1168 ρος
361 1095 598 1168 ποωτοιοηκρήτης
614 1096 663 1152 καὶ
679 1090 725 1150 lul
742 1098 794 1150 sod
810 1097 976 1150 nunsulsiov.
1012 1099 1062 1150 boc
1083 1104 1125 1150 est
1146 1097 1282 1167 unicuique
1302 1098 1402 1151 nomini
1453 1153 1457 1164 ,

294 1169 466 1291 ilapp-iptpuilpse
484 1184 532 1221 sna
547 1165 769 1290 manopoadippxittg
791 1159 822 1220 ἐν
837 1168 956 1288 A'psprpjl
962 1167 1024 1238 θεῷ
1035 1161 1137 1289 nrpsnpde
1155 1164 1298 1288 destitit&
1324 1168 1401 1221 addit

293 1257 417 1375 νίιῒῖοομοι
433 1252 908 1392 ΐοιιζὶῗναὲαοιῖἒωςαὺποῃγοοᾚν
929 1253 1050 1373 οοῗῖἵέἔ,
1073 1253 1274 1373 {sensilium
1285 1251 1401 1376 Abx&

294 1376 359 1446 θεῷ
375 1370 471 1435 πιστὸς
491 1371 633 1445 βασιλεύς,
652 1372 701 1426 καὶ
720 1369 851 1426 κάτωθεν
868 1371 1075 1443 απῃωρημένην
1093 1374 1214 1444 βοῦλλαν
1230 1375 1334 1442 χρυσῆν
1345 1371 1400 1426 dcci

293 1441 413 1532 pscoifipe
428 1439 533 1508 ὀξείας,
549 1441 598 1496 καὶ
616 1441 722 1507 ἔξωθεν
734 1437 767 1494 ssi
784 1437 834 1494 διὰ
851 1443 903 1496 τοῦ
921 1435 968 1496 ἐπὶ
986 1444 1143 1496 κανικλείοο
1154 1438 1202 1496 καὶ
1213 1439 1401 1498 δικοιοδότου
1513 1437 1514 1500 l

296 1514 456 1577 Θεοδωροο.
496 1511 565 1581 quod
589 1512 614 1564 iu
632 1511 847 1564 christianissima
872 1511 943 1565 curia
973 1520 1147 1581 exsequuntur
1175 1511 1323 1576 secretarii,
1350 1513 1399 1564 ubi
1513 1513 1514 1538 ³

312 1580 416 1651 rincipis
431 1581 619 1651 subscriptione
635 1579 742 1634 inferius
754 1580 798 1632 vel
814 1598 831 1635 s
849 1585 924 1648 tergo
941 1582 1072 1651 proprium
1089 1597 1180 1634 nomen
1196 1587 1337 1649 apponunt.
1362 1597 1399 1634 ex
1513 1619 1514 1622 ,

293 1651 319 1770 d·
348 1651 381 1702 de
396 1652 508 1772 pantoleo
523 1657 552 1703 et
567 1650 686 1704 cuniculo
702 1648 818 1702 collectis
834 1666 850 1704 a
868 1650 995 1704 Gretsero
1016 1649 1127 1720 copiosis
1151 1649 1302 1703 testimoniis
1325 1649 1398 1703 desi-

313 1725 385 1772 erata
411 1737 445 1771 ux
461 1718 578 1774 accessit.

362 1822 389 1876 p.
400 1806 435 1858 12
444 1821 470 1856 v.
484 1805 526 1858 19.
549 1799 751 1872 οομπὲνθερος]
779 1803 823 1873 qui
840 1803 918 1858 filium
934 1806 979 1858 vel
994 1804 1072 1858 filiam
1090 1803 1177 1858 alteris
1193 1804 1247 1858 filio
1263 1804 1307 1857 vel
1323 1803 1397 1857 filiae

293 1874 321 1925 in
335 1873 521 1926 matrimonium
546 1872 631 1937 locat,
656 1872 688 1924 fit
711 1874 735 1925 ei
758 1869 959 1942 ονμπένθερος.
992 1874 1115 1927 innumeri
1131 1891 1194 1927 vero
1212 1891 1229 1926 a
1249 1874 1397 1928 consoceris

291 1941 435 1995 huiusmodi
453 1941 566 1994 distincti
581 1940 732 2010 dignitatem
749 1943 856 1996 caniciei
872 1944 1044 1998 obtinuerunt.
1167 2015 1172 2018 ῃ

360 2028 424 2081 ibid.
450 2022 610 2095 ὀχούμενος]
634 2032 756 2095 corrupta
782 2028 858 2080 lectio
882 2028 1034 2096 corrigitur,
1058 2023 1232 2096 silegatnrd
1253 2028 1394 2098 Χοῦμνος.

289 2098 357 2150 istae
373 2112 437 2149 vero
455 2095 638 2149 emendationis
652 2096 824 2148 instituendae
842 2105 902 2150 sunt
915 2097 1036 2155 rationes,
1071 2099 1169 2168 prima,
1186 2099 1254 2168 qnod
1267 2098 1396 2151 inusitata

289 2167 326 2222 sit
348 2167 453 2218 Graeca
475 2165 577 2235 pbrasis
601 2165 635 2218 ad
657 2166 767 2236 adeptae
790 2165 921 2233 dignitatis
949 2167 1066 2220 indicium
1092 2161 1140 2220 tul
1162 2169 1215 2220 τοῦ
1233 2167 1394 2220 νανικλείου

289 2231 429 2303 ὀχεῖσθαι.
470 2233 583 2286 secunda
606 2233 691 2303 quod,
712 2250 770 2286 cum
792 2233 921 2305 interpres
949 2236 1090 2288 reddiderit
1111 2235 1154 2288 bic
1176 2237 1212 2288 cd
1232 2237 1394 2305 dignitatem

290 2305 373 2371 evelti,
392 2303 417 2356 in
436 2303 620 2355 commentariis
632 2304 728 2373 absque
739 2309 845 2357 auctore
862 2305 981 2373 exposuit
996 2305 1143 2368 canicleum,
1159 2312 1189 2357 ut
1205 2323 1268 2374 spuo
1285 2307 1393 2360 sebee-

290 2383 352 2438 tur‚
370 2373 397 2424 in
413 2371 509 2441 palatio
522 2373 563 2423 ius
579 2372 705 2424 babuisse.
737 2373 832 2435 tertia,
845 2389 901 2424 cum
918 2374 1045 2442 praesenti
1062 2375 1111 2426 boc
1127 2374 1213 2442 cupite
1229 2379 1330 2428 constet
1346 2391 1393 2426 an-

289 2452 387 2498 ctorem
402 2441 480 2510 paulo
495 2449 556 2510 post
571 2441 743 2492 Andronicum
761 2440 903 2506 seniorem,
925 2441 958 2494 de
974 2459 1024 2511 qno
1042 2442 1159 2511 scripsit,
1183 2441 1318 2510 floruisse,
1339 2459 1393 2496 nou

288 2513 456 2579 incongruum
474 2519 516 2562 est
531 2525 588 2562 eum
606 2509 639 2561 de
655 2518 796 2562 coaetaneo
811 2509 860 2562 sibi
876 2510 1005 2576 cameleo,
1046 2513 1074 2564 ui
1091 2528 1214 2564 consocer
1229 2513 1393 2583 imperatoris

289 2579 382 2644 inerit,
399 2579 520 2631 habuisse
537 2593 693 2631 sermonems
717 2578 742 2630 is
759 2583 847 2631 summ
864 2579 914 2632 tuit
928 2579 1095 2647 Νικηφορος
1112 2577 1127 2633 d
1144 2581 1274 2648 Χοῦμνος
1314 2597 1391 2650 quem

289 2650 424 2734 Gregoras
449 2647 477 2699 iu
497 2647 642 2730 Andronico
666 2647 685 2699 l.
706 2648 733 2701 7.
750 2664 777 2715 p.
793 2645 844 2700 241
862 2648 904 2703 ed.
921 2649 1003 2701 Boun.
1020 2643 1188 2772 anppdpov
1198 2645 1257 2731 netis·
1274 2619 1322 2704 Aut
1339 2651 1392 2738 τοῦ

288 2719 447 2769 νανικλειοο
469 2724 596 2781 nominat,
620 2715 721 2784 dequo
740 2717 935 2770 Cantacuzenns
952 2720 967 2772 1
987 2717 1034 2771 14:
1060 2736 1076 2770 ο
1110 2714 1144 2770 πὶ
1158 2736 1210 2772 τον
1229 2722 1390 2772 κανινλειοο

287 2782 455 2868 Άζικηφόρρς
472 2779 488 2836 ὁ
507 2785 635 2869 ζοῦμνοξ
653 2777 743 2851 οοφᾶς
755 2779 904 2868 ,ἄνὴῌαὶ
921 2783 1081 2856 θαυμάσιος
1098 2781 1131 2870 ἐν
1148 2784 1300 2872 φρονήσει,
1318 2791 1389 2871 asol-

288 2855 339 2936 ipe
356 2869 388 2934 cs
406 2854 558 2934 euoluens
576 2869 649 2936 προς
667 2851 930 2936 βασνλεωςηεννοίονς
947 2872 977 2907 cs
998 2852 1047 2908 nul
1064 2873 1160 2924 τιμης,
1178 2851 1216 2908 δι’
1230 2853 1268 2924 ἠν
1278 2853 1326 2910 sul
1336 2876 1391 2926 την

286 2937 377 2973 evron
392 2922 537 2988 θνγοιτεροι
555 2917 681 2987 ΕΙοηνην
694 2939 732 2986 τῳ
753 2918 806 2992 οἴῳ
829 2917 918 2975 αὐτον
937 2923 1057 2993 δεσπότῃ
1072 2919 1190 2993 Ἰωάννῃ
1205 2921 1278 2991 πρὸς
1296 2921 1390 2995 γάμου

286 2989 438 3042 κοινωνίαν
453 2983 589 3057 ἤγαγενὸ
610 2987 744 3060 βασιλεύς.
780 2997 808 3042 et
825 2991 940 3058 quamvis
956 2993 1088 3046 Pontanus
1111 2994 1240 3063 interpres
1263 2994 1323 3046 olim
1347 2997 1387 3048 le-

286 3058 356 3126 gerit
371 3052 521 3126 ὅχούμενος
537 3075 569 3110 ac
586 3057 724 3111 reddiderit
738 3059 800 3111 vehi
817 3060 928 3120 solebat,
954 3063 1048 3116 nullum
1070 3068 1156 3115 nmen
1181 3063 1237 3114 eius
1259 3065 1389 3118 sententia

285 3147 317 3181 co
380 3128 449 3180 uitur
471 3143 586 3195 sensum,
607 3127 768 3195 Nicephorus
793 3130 838 3196 qui
861 3131 977 3183 cunicleo
995 3140 1123 3198 praeerat
1145 3137 1171 3184 et
1192 3133 1254 3185 ocii
1275 3134 1385 3186 solebat.

285 3215 342 3250 eam
359 3214 375 3249 o
412 3214 466 3249 rem
481 3213 564 3249 novus
580 3196 731 3281 sebuliastes
747 3197 884 3280 adscrippit
905 3198 1032 3282 margini:¹
1047 3200 1174 3268 interpres
1193 3199 1257 3268 legit
1271 3197 1386 3283 ὀχούμε-

284 3284 349 3334 νος,
367 3266 444 3319 males
463 3284 521 3318 nam
537 3274 579 3318 est
597 3284 612 3318 ο
634 3266 773 3334 Χοομνος.
807 3266 907 3336 ultima,
932 3285 999 3336 quae
1014 3269 1086 3320 htem
1102 3285 1199 3322 omnem
1217 3269 1327 3336 dirimit,
1352 3288 1385 3323 ex

285 3335 376 3402 Regiis
391 3334 578 3405 exemplaribus
594 3335 705 3404 petitur,
730 3335 865 3405 inquibus
882 3353 932 3388 non
956 3332 1120 3406 ὀχούμὲνος,
1143 3335 1189 3398 sed
1213 3333 1230 3389 ὃ
1256 3339 1386 3407 Χοῦμνος

283 3405 418 3458 manifeste
435 3405 545 3472 legitur3
560 3412 587 3458 et
603 3423 637 3458 ex
651 3405 741 3458 iisdem
755 3405 918 3459 librariorum
933 3406 999 3460 vitio
1017 3414 1045 3460 et
1062 3406 1189 3461 affinitate
1204 3409 1296 3462 iocum
1312 3426 1385 3462 meu-

283 3474 343 3525 dum
355 3474 492 3544 irrepsisse
507 3473 663 3527 coniicimus.

366 3566 395 3624 p.
412 3549 451 3609 13
466 3550 528 3611 v.3
565 3547 687 3622 Magnus
696 3547 817 3624 baiulus]
841 3549 1023 3626 paedagogus
1043 3547 1088 3607 vel
1106 3548 1299 3627 imperatoris,
1319 3569 1385 3610 cum

282 3629 373 3688 iunior
396 3635 487 3707 eset,
517 3631 563 3689 vel
580 3632 700 3690 filiorum
726 3633 911 3710 imperatoris.
946 3633 1161 3712 Moschopnlus:
1190 3631 1384 3716 παιδαγωγὸς

281 3715 334 3774 sul
359 3716 571 3795 παιδοτρίβης,
596 3715 616 3779 o‘
640 3712 800 3798 λεγόμενος
823 3720 975 3798 Ceionius.
1021 3720 1186 3778 Cedrenus:
1221 3714 1385 3794 Θεοδόσιος

282 3797 300 3862 ὁ
324 3799 464 3877 βασιλεύς
486 3793 640 3880 Ἀντίοχον
660 3796 861 3884 προοπόσιτον
878 3803 930 3865 uui
958 3805 1130 3887 scorpiuron,
1159 3801 1209 3868 τᾶν
1237 3806 1383 3886 βαΐοολον

281 3877 378 3946 sicori
409 3888 515 3945 ποιπᾶν
547 3886 677 3963 ἐποίησε.
727 3889 812 3945 etiam
841 3887 937 3948 Latini
974 3889 1028 3948 boc
1054 3891 1220 3949 vocabulum
1247 3890 1301 3949 bac
1328 3911 1383 3951 no-

280 3973 357 4028 tione
378 3978 557 4047 usurpanunt
598 3969 699 4050 Lupus
726 3973 910 4032 Ferrariensis
938 3976 1020 4052 epist
1042 3976 1097 4038 54:
1129 3997 1183 4035 uon
1204 3995 1267 4052 ergo
1281 3976 1382 4037 udaie

278 4063 366 4114 tentus
391 4077 410 4115 ο
436 4059 510 4114 nobis
533 4061 686 4132 secutores,
711 4077 774 4136 quos
798 4059 901 4119 teuzo
920 4061 1021 4136 uulgus
1045 4061 1178 4138 appellnt,
1206 4081 1240 4120 uc
1263 4061 1381 4136 gloriae

278 4149 391 4200 oestrum
412 4145 481 4201 inter
504 4160 531 4198 se
557 4146 612 4221 ipsi
632 4148 799 4222 partiantur.
841 4145 1010 4204 Hincmarus
1035 4146 1117 4224 epist.
1142 4147 1222 4209 2ad
1246 4146 1381 4206 Carnium

276 4227 412 4285 Crassum
425 4227 491 4305 imp.
506 4246 529 4284 c.
541 4229 576 4289 2:
599 4232 660 4290 istis
672 4231 825 4306 iuoeu’dus,
840 4231 968 4308 fidelibus
977 4233 1052 4309 filiis
1070 4234 1179 4306 vestus,
1200 4231 1309 4308 regebus
1325 4253 1381 4296 no-

168 4313 261 4368 P193
277 4317 356 4386 stn's,
371 4319 490 4372 moun
510 4333 544 4373 uc
561 4315 704 4394 pnsdentcs
724 4321 806 4394 atquc
827 4317 926 4376 sobrios
951 4319 1056 4378 tutulos
1076 4317 1194 4394 eugeus
1217 4323 1380 4395 cnumuue,
