3075 4867
502 267 547 343 ΙΝ
566 266 716 341 contri}
735 264 821 341 0st
838 266 935 341 XIV·
1182 266 1259 350 ³29

163 434 216 495 uici
230 432 355 497 osculum
363 450 396 495 se
409 425 544 513 abiicere,
564 433 590 495 si
602 433 632 495 id
645 434 821 497 comuetudo
829 433 1013 516 permitteret
1053 430 1182 514 Legatos
1189 453 1262 515 quo-

162 538 218 597 que
230 522 490 581 confoederatorum
507 520 647 581 Ordinum
658 518 766 599 Belgii,
794 540 869 580 auno
884 520 984 581 sdutis
1000 524 1081 585 1612
1095 520 1208 600 cpolim
1224 523 1263 581 ad

161 612 272 685 portam
293 605 501 667 Ottomanicam
518 606 619 665 missus
640 610 670 665 et
690 606 849 684 admissus,
875 608 1073 667 vestimentum
1085 606 1262 684 imperatoris

162 690 273 751 Tuscici
286 696 418 769 prompte
431 696 461 749 et
474 688 601 750 alacriter
615 688 793 761 deosculatus
813 696 875 768 est,
902 692 1062 767 etquidem
1081 692 1160 751 flexis
1181 692 1263 769 geui-

160 776 231 855 bus,
259 782 293 837 ut
307 776 403 835 videm
420 774 487 834 licet
507 774 537 834 in
550 774 859 856 Ecclesiasticopolitica
875 774 1009 835 Chronol
1030 777 1136 835 inserta
1156 781 1224 836 tom.
1239 779 1262 840 8

160 862 219 920 dus
231 862 343 941 operis,
374 860 452 936 quod
467 859 628 921 chronicon
641 861 844 921 caronarum
861 861 1028 920 inscribitur.
1068 860 1167 920 sitale
1182 878 1261 920 reoc-

161 947 269 1007 rentiae
288 962 379 1022 genus
400 945 525 1024 pontifici
544 943 674 1007 Romano
695 947 750 1005 iste
767 945 953 1024 exhibuisset,
974 945 1133 1023 inexpiabili
1156 946 1261 1005 scelere

161 1048 223 1091 sese
244 1029 410 1091 obstrictum
431 1030 602 1091 credidisset
645 1030 814 1108 quidquod
836 1029 938 1090 Batavi
961 1030 1118 1089 Calvirriani
1140 1030 1260 1109 pedibus

160 1116 218 1174 suis
241 1114 337 1175 oscula
350 1114 417 1173 ferri
434 1114 512 1175 haud
531 1134 615 1195 aegre
635 1116 712 1197 passi
734 1114 825 1175 santi
865 1134 931 1174 nam
950 1115 981 1174 in
1001 1115 1180 1193 nangatioue
1200 1114 1261 1173 Au-

159 1196 239 1267 strali
253 1198 348 1261 locobi
362 1200 387 1259 le
400 1198 503 1276 Moira,
522 1198 629 1261 Leidae
646 1202 676 1265 in
691 1200 844 1262 Hollandia
855 1202 932 1279 typis
950 1220 1051 1261 excusa
1063 1220 1139 1261 anuo
1152 1201 1261 1264 redent-
1369 1202 1378 1228 ⁸

159 1286 250 1365 ptoris
266 1287 366 1362 1619,
385 1284 455 1345 baec
473 1286 587 1365 prodita
605 1292 675 1346 sunt
694 1284 827 1346 deludis
847 1287 1031 1363 quibusdam:
1062 1290 1111 1365 ossi
1123 1287 1263 1345 sntroborst

130 1430 133 1434 ,
160 1387 255 1429 nmero
267 1374 383 1430 nomam
399 1388 432 1428 en
447 1372 530 1449 ipris,
551 1372 581 1431 in
595 1390 685 1449 genua
695 1370 859 1451 procedentes
874 1370 986 1451 pedibus
1000 1375 1099 1432 nostris
1117 1366 1207 1432 morlo
1217 1374 1263 1451 fl-

159 1442 265 1533 gebrint.
306 1452 390 1533 paulo
412 1459 497 1533 post,
519 1459 552 1513 ut
566 1458 681 1537 pomum
703 1474 796 1515 novun
818 1456 999 1516 coruomdcrot
1021 1454 1170 1537 (Indorum
1186 1455 1260 1537 rer),

156 1538 295 1621 procidens
311 1542 341 1597 in
355 1557 444 1615 genua
458 1560 492 1598 oc
501 1541 671 1618 procumbens
683 1542 712 1599 in
720 1540 823 1621 facien
832 1561 923 1620 preces
935 1560 1000 1599 suos
1013 1542 1121 1620 effirdit.
1163 1542 1261 1603 duetm

161 1624 198 1685 od
220 1623 351 1705 inferiora
377 1626 474 1697 neon,
502 1627 599 1685 iterum
617 1627 788 1705 procumbens
811 1626 938 1687 admouit
961 1634 1015 1686 etc
1057 1630 1260 1706 cosuitesipsriss

157 1708 236 1789 pedes
251 1713 352 1769 nostros
364 1706 600 1784 anancaeo,
616 1715 785 1790 mccptospue
808 1731 850 1771 eos
870 1711 992 1771 mondus
1012 1714 1067 1771 suis
1080 1715 1166 1789 copiti
1175 1716 1262 1789 impo-

160 1794 255 1853 nebant
266 1792 303 1851 od
315 1792 490 1852 domininon
503 1794 736 1875 subndmnonpuc
752 1795 988 1856 demonstrandum.
1031 1803 1062 1855 et
1076 1798 1190 1873 quinam
1203 1796 1262 1872 isti,

162 1878 264 1954 quibus
278 1875 437 1936 lubentibus
451 1880 548 1939 tantus
562 1879 608 1938 hic
619 1879 711 1938 honos
732 1878 865 1939 delatusi
892 1881 1050 1960 praedones
1064 1886 1094 1939 et
1106 1882 1216 1959 piratae
1229 1898 1263 1939 ex

160 1962 271 2023 Caluini
285 1962 410 2041 officina,
431 1964 480 2039 qui
497 1965 626 2025 fortassis
639 1964 746 2025 hostias
764 1983 889 2045 quoque,
908 1964 933 2024 si
946 1966 1011 2026 Indi
1024 1985 1072 2025 em
1086 1965 1264 2041 obtulissent,

161 2049 239 2108 haud
253 2048 464 2127 repudiassent,
483 2051 635 2111 attactum
648 2048 764 2109 aPaulo
778 2057 808 2109 et
824 2049 958 2110 Bernaba
970 2049 1033 2109 Act
1050 2049 1106 2127 14,
1127 2069 1190 2109 cum
1204 2048 1263 2125 Ly·

159 2139 284 2193 strenses
298 2134 337 2191 cis
350 2129 513 2193 sacrificium
526 2154 577 2196 ceu
593 2134 654 2195 Iovi
670 2140 700 2193 et
713 2134 852 2197 Mercurio
864 2140 1043 2213 appararent
1086 2134 1187 2211 quibus
1207 2133 1264 2193 da·

159 2218 284 2277 moribus
297 2223 401 2276 terram
415 2224 445 2275 et
459 2219 573 2279 aethera
592 2239 650 2280 non
669 2219 858 2299 complerent,
878 2219 904 2278 si
921 2225 972 2279 aut
991 2216 1117 2277 inlibris
1137 2218 1265 2297 legerent

160 2310 212 2363 aut
239 2301 375 2361 relatione
396 2302 513 2363 allorum
535 2305 692 2384 acciperent
713 2306 875 2385 pontificem
894 2302 1054 2364 Romarm
1075 2322 1134 2363 non
1151 2310 1265 2364 tantum

159 2388 324 2471 permittere
343 2393 377 2448 ut
402 2388 463 2464 quis
483 2390 571 2469 pedes
592 2391 651 2449 eius
665 2386 823 2469 osculetur,
845 2388 897 2447 sed
910 2396 941 2449 et
953 2388 1073 2449 tolerare
1087 2394 1120 2448 ut
1136 2390 1199 2467 quis
1213 2408 1264 2470 pe-

161 2474 212 2532 des
225 2474 312 2551 capiti
325 2474 356 2532 in
368 2480 564 2551 argumentum
578 2476 756 2535 subiectionis
770 2472 921 2555 imponat?

243 2556 345 2621 Liar
367 2557 465 2619 histor.
488 2560 679 2621 Cautacuzeni
699 2581 722 2620 c.
748 2562 785 2627 '16
809 2555 950 2619 oscidatur
974 2559 1066 2619 iunior
1085 2556 1263 2618 Andronicus

159 2643 277 2702 senioris
291 2641 460 2723 Andronici,
486 2646 532 2706 avi
546 2647 607 2727 sui,
627 2647 745 2726 pedemr
773 2646 822 2704 ubi
837 2646 965 2705 oddimr:
982 2633 1050 2703 more
1064 2644 1198 2703 Romanis
1210 2646 1265 2703 isn-

155 2730 324 2809 peratoribus
344 2734 475 2809 receptum
494 2737 569 2806 crat,
596 2750 656 2791 cum
675 2732 807 2809 quispiam
826 2733 1079 2807 consorrgrsineorum
1098 2734 1148 2787 out
1162 2729 1266 2808 alioqui

158 2818 254 2891 motio
280 2812 354 2893 opud
377 2833 419 2873 ces
436 2814 590 2893 florentium
612 2816 755 2875 secundum
778 2814 958 2874 odmommm
981 2815 1073 2892 peden
1098 2818 1264 2893 imperatoris

160 2898 248 2959 osculo
265 2900 426 2975 contigisset,
448 2904 479 2957 ut
491 2901 632 2979 imperator
647 2903 765 2959 orendo
782 2902 839 2959 eius
849 2899 954 2979 socios
970 2897 1175 2959 deoscularetur.
1205 2918 1265 2958 cum

158 2988 252 3063 itaque
268 2991 326 3042 tum
341 3003 419 3062 nepos
436 2988 485 3044 oui
498 2986 588 3063 pedem
606 2986 742 3044 osculatus
755 2984 875 3064 suisset,
895 2983 957 3061 iile,
975 3002 1009 3043 ne
1030 2984 1190 3064 inexpiabili
1207 2983 1268 3043 odio

155 3072 282 3150 flagrare
307 3068 454 3127 crederetur
477 3073 503 3129 si
524 3091 571 3129 nec
591 3074 626 3130 iis
647 3076 761 3151 nepotem
775 3076 801 3129 ct
821 3073 1003 3149 imperatorem
1022 3069 1182 3145 dignaretur
1200 3090 1269 3147 quoe

158 3154 277 3233 priuatis
296 3152 486 3230 tribuerentur,
506 3152 608 3233 sociem
624 3158 681 3215 eius
697 3160 789 3215 contro
804 3161 829 3213 et
852 3157 909 3233 epse
930 3153 1018 3213 osonio
1044 3154 1150 3218 libauit.
1192 3153 1268 3213 idem

162 3236 341 3295 Andronicus
356 3235 447 3295 iunior
459 3238 560 3297 iterum
570 3240 614 3299 avi
627 3241 729 3317 pedem
743 3239 854 3318 publice
867 3239 1010 3298 osculatus
1024 3242 1068 3295 est
1081 3235 1168 3311 1343
1191 3241 1269 3313 quod

162 3343 188 3383 c.
204 3321 246 3385 50
260 3324 395 3396 tanquam
409 3341 572 3401 expressum
584 3324 763 3383 subiectionis
785 3324 917 3381 indicium
936 3322 1081 3402 repetitur.
1124 3326 1145 3383 2
1167 3322 1270 3386 5Pcr-

163 3424 212 3467 sae
226 3402 418 3475 Andronicum
430 3407 564 3467 iuniorem
573 3411 769 3489 imperatorem
781 3414 934 3484 antequam
947 3407 1201 3488 appropinquaret,
1222 3428 1269 3467 ca-

162 3491 269 3573 pitibus
290 3491 367 3550 humi
392 3492 534 3553 submissis
553 3495 717 3557 adorabant.
761 3494 813 3551 sed
833 3493 963 3572 princeps
984 3492 1134 3551 Persarum
1155 3493 1193 3551 ad
1206 3512 1270 3553 eum

162 3576 284 3658 pedibus
311 3578 447 3635 accedens
469 3583 500 3637 et
521 3580 659 3640 adorabat
682 3585 712 3637 ct
733 3579 835 3657 pedem
856 3578 929 3636 illius
954 3577 1140 3638 osculabatur.
1182 3578 1204 3641 8
1228 3582 1270 3643 88

163 3667 356 3743 protostrator
375 3682 439 3721 cum
452 3664 509 3721 suis
523 3664 624 3743 pedem
638 3663 752 3723 Ioannis
767 3664 959 3723 Cantacuzeui
972 3664 1148 3742 imperatoris
1162 3664 1271 3723 oscida-

164 3752 219 3805 tur.
262 3747 336 3805 idem
354 3748 387 3806 fit
407 3746 443 3805 ab
465 3748 524 3807 aliis
548 3768 570 3807 c.
587 3748 637 3813 40.
668 3750 742 3807 idem
762 3749 798 3807 ab
812 3748 867 3808 alio
879 3770 902 3807 c.
917 3750 976 3827 42,
997 3756 1028 3808 et
1045 3747 1204 3813 aPersis4
1222 3754 1268 3812 10.
1393 3778 1399 3788 ⁸
1499 3779 1500 3818 3

162 3834 184 3897 3
201 3831 242 3895 43
258 3830 376 3890 Triballi
393 3833 517 3891 eiusdem
532 3834 722 3893 Cantacuzeni
743 3853 820 3911 genu
837 3834 1008 3894 osculantur.
1042 3834 1169 3914 exempla
1183 3835 1271 3894 osculi

164 3916 310 4063 {trigulis
328 3924 359 3978 et
372 3918 452 3977 faciei
465 3918 551 3978 habes
572 3921 649 3999 apud
674 3920 828 3979 Cautacuz.
850 3922 868 3983 1
894 3922 950 3998 16,
977 3922 1110 3979 dexterae
1130 3941 1153 3980 c
1173 3918 1217 3983 84
1239 3925 1271 3978 et

232 4083 296 4135 ibid.
331 4081 365 4135 de
389 4084 545 4155 imperatore
573 4082 669 4137 minore
691 4085 811 4139 malorem
834 4086 962 4139 salutante
989 4090 1015 4139 et
1038 4086 1092 4139 eius
1108 4082 1199 4167 peden
1221 4101 1270 4137 ex-

164 4150 297 4203 osculaute
320 4158 347 4203 ct
371 4154 403 4205 ab
426 4154 513 4205 codem
536 4153 588 4206 oris
614 4154 726 4208 osculum
754 4160 905 4225 reportante
928 4156 1067 4207 Gretserus
1091 4154 1132 4205 bro
1155 4153 1268 4220 egregie.
1353 4173 1360 4187 κ

165 4224 194 4271 at
219 4219 242 4271 si
263 4220 329 4271 alter
355 4222 427 4273 altori
452 4240 530 4292 equos
556 4229 689 4283 occurrat,
711 4223 770 4292 quid
793 4222 1081 4276 tnm‘tCantacuzeuus
1101 4221 1181 4275 1352
1200 4216 1269 4285 ἔθος

97 4294 104 4307 ’
166 4280 353 4358 ἐπεκράτησεν
368 4285 488 4363 ἀρχαῖον
507 4286 586 4363 παρὰ
603 4286 830 4365 coro‘eopotoo
853 4280 1024 4363 limitatione,
1047 4283 1267 4360 dccv-pittonem
