<?xml version="1.0" encoding="UTF-8"?>
<!DOCTYPE html PUBLIC "-//W3C//DTD XHTML 1.0 Transitional//EN"
    "http://www.w3.org/TR/xhtml1/DTD/xhtml1-transitional.dtd">
<html xmlns="http://www.w3.org/1999/xhtml" xml:lang="en" lang="en">
 <head>
  <title>
</title>
<meta http-equiv="Content-Type" content="text/html;charset=utf-8" />
  <meta name='ocr-system' content='tesseract 3.04.00' />
  <meta name='ocr-capabilities' content='ocr_page ocr_carea ocr_par ocr_line ocrx_word'/>
</head>
<body>
  <div class='ocr_page' id='page_1' title='image "./corpusscriptoru23theogoog/corpusscriptoru23theogoog_0255.png"; bbox 0 0 3075 4867; ppageno 0'>
   <div class='ocr_carea' id='block_1_1' title="bbox 512 322 1272 407">
    <p class='ocr_par' dir='ltr' id='par_1_1' title="bbox 512 322 1272 407">
     <span class='ocr_line' id='line_1_1' title="bbox 512 322 1272 407; baseline 0.004 -15"><span class='ocrx_word' id='word_1_1' title='bbox 512 324 558 392; x_wconf 86' lang='lat' dir='ltr'><strong>IN</strong></span> <span class='ocrx_word' id='word_1_2' title='bbox 576 323 727 393; x_wconf 78' lang='lat' dir='ltr'><strong>conlui</strong></span> <span class='ocrx_word' id='word_1_3' title='bbox 747 326 832 407; x_wconf 79' lang='lat' dir='ltr'><strong>GAP.¹</strong></span> <span class='ocrx_word' id='word_1_4' title='bbox 856 322 916 397; x_wconf 81' lang='lat' dir='ltr'><strong>lv,</strong></span> <span class='ocrx_word' id='word_1_5' title='bbox 1195 328 1272 397; x_wconf 71' lang='lat'><strong>237</strong></span> 
     </span>
    </p>
   </div>
   <div class='ocr_carea' id='block_1_2' title="bbox 115 480 1373 2706">
    <p class='ocr_par' dir='ltr' id='par_1_2' title="bbox 159 480 1373 2447">
     <span class='ocr_line' id='line_1_2' title="bbox 162 480 1271 570; baseline -0.002 -16"><span class='ocrx_word' id='word_1_6' title='bbox 162 492 260 554; x_wconf 79' lang='lat' dir='ltr'><strong>scribit</strong></span> <span class='ocrx_word' id='word_1_7' title='bbox 273 487 357 551; x_wconf 77' lang='lat' dir='ltr'><strong>Anna</strong></span> <span class='ocrx_word' id='word_1_8' title='bbox 371 491 518 553; x_wconf 86' lang='lat' dir='ltr'><strong>Comueua</strong></span> <span class='ocrx_word' id='word_1_9' title='bbox 533 490 552 551; x_wconf 92' lang='lat' dir='ltr'><strong>l.</strong></span> <span class='ocrx_word' id='word_1_10' title='bbox 569 491 592 555; x_wconf 79' lang='lat'>3</span> <span class='ocrx_word' id='word_1_11' title='bbox 613 480 740 549; x_wconf 80' lang='lat' dir='ltr'><strong>Aleriad.</strong></span> <span class='ocrx_word' id='word_1_12' title='bbox 767 487 885 551; x_wconf 70' lang='lat' dir='ltr'><strong>custus</strong></span> <span class='ocrx_word' id='word_1_13' title='bbox 907 490 1139 570; x_wconf 72' lang='lat' dir='ltr'><strong>interpretaretur</strong></span> <span class='ocrx_word' id='word_1_14' title='bbox 1156 487 1271 551; x_wconf 77' lang='lat' dir='ltr'><strong>tundat</strong></span> 
     </span>
     <span class='ocr_line' id='line_1_3' title="bbox 161 578 1273 658; baseline 0.001 -18"><span class='ocrx_word' id='word_1_15' title='bbox 161 581 276 658; x_wconf 80' lang='lat' dir='ltr'><strong>grildtae</strong></span> <span class='ocrx_word' id='word_1_16' title='bbox 288 578 365 637; x_wconf 76' lang='lat' dir='ltr'><strong>rtiiclt</strong></span> <span class='ocrx_word' id='word_1_17' title='bbox 387 578 460 637; x_wconf 76' lang='lat' dir='ltr'><strong>tacti.</strong></span> <span class='ocrx_word' id='word_1_18' title='bbox 481 596 581 657; x_wconf 81' lang='lat' dir='ltr'><strong>posses</strong></span> <span class='ocrx_word' id='word_1_19' title='bbox 595 578 682 636; x_wconf 90' lang='lat' dir='ltr'><strong>etiam</strong></span> <span class='ocrx_word' id='word_1_20' title='bbox 700 578 878 655; x_wconf 85' lang='lat' dir='ltr'><strong>interpretari</strong></span> <span class='ocrx_word' id='word_1_21' title='bbox 893 583 996 637; x_wconf 85' lang='lat' dir='ltr'><strong>centnm</strong></span> <span class='ocrx_word' id='word_1_22' title='bbox 1014 596 1160 657; x_wconf 76' lang='lat' dir='ltr'><strong>purpureos</strong></span> <span class='ocrx_word' id='word_1_23' title='bbox 1178 585 1273 641; x_wconf 80' lang='grc' dir='ltr'><strong><em>οιιιιι.</em></strong></span> 
     </span>
     <span class='ocr_line' id='line_1_4' title="bbox 164 657 1272 745; baseline -0.002 -21"><span class='ocrx_word' id='word_1_24' title='bbox 164 667 242 745; x_wconf 88' lang='lat' dir='ltr'><strong>apud</strong></span> <span class='ocrx_word' id='word_1_25' title='bbox 256 665 399 723; x_wconf 88' lang='lat' dir='ltr'><strong>Codinum</strong></span> <span class='ocrx_word' id='word_1_26' title='bbox 412 669 543 723; x_wconf 86' lang='lat' dir='ltr'><strong>nostrum</strong></span> <span class='ocrx_word' id='word_1_27' title='bbox 558 662 721 725; x_wconf 69' lang='lat' dir='ltr'><strong>adhabere</strong></span> <span class='ocrx_word' id='word_1_28' title='bbox 738 659 909 741; x_wconf 75' lang='grc' dir='ltr'><strong><em>καββάὸιον</em></strong></span> <span class='ocrx_word' id='word_1_29' title='bbox 927 657 1077 743; x_wconf 77' lang='grc' dir='ltr'><strong><em>βλοὶτινον.</em></strong></span> <span class='ocrx_word' id='word_1_30' title='bbox 1098 682 1272 742; x_wconf 86' lang='lat' dir='ltr'><strong>purpureum</strong></span> 
     </span>
     <span class='ocr_line' id='line_1_5' title="bbox 163 746 1271 829; baseline 0.003 -21"><span class='ocrx_word' id='word_1_31' title='bbox 163 752 210 809; x_wconf 80' lang='lat' dir='ltr'><strong>hic</strong></span> <span class='ocrx_word' id='word_1_32' title='bbox 229 750 290 808; x_wconf 84' lang='lat' dir='ltr'><strong>sine</strong></span> <span class='ocrx_word' id='word_1_33' title='bbox 308 750 367 807; x_wconf 91' lang='lat' dir='ltr'><strong>ullo</strong></span> <span class='ocrx_word' id='word_1_34' title='bbox 387 750 563 807; x_wconf 89' lang='lat' dir='ltr'><strong>incommodo</strong></span> <span class='ocrx_word' id='word_1_35' title='bbox 581 748 701 805; x_wconf 77' lang='lat' dir='ltr'><strong>reddere</strong></span> <span class='ocrx_word' id='word_1_36' title='bbox 723 754 815 826; x_wconf 72' lang='lat' dir='ltr'><strong>poten.</strong></span> <span class='ocrx_word' id='word_1_37' title='bbox 839 748 938 806; x_wconf 88' lang='lat' dir='ltr'><strong>eodem</strong></span> <span class='ocrx_word' id='word_1_38' title='bbox 955 768 979 806; x_wconf 90' lang='lat' dir='ltr'><strong>c.</strong></span> <span class='ocrx_word' id='word_1_39' title='bbox 1000 748 1120 807; x_wconf 82' lang='lat' dir='ltr'><strong>occurrit</strong></span> <span class='ocrx_word' id='word_1_40' title='bbox 1137 746 1271 829; x_wconf 80' lang='grc' dir='ltr'><strong><em>βλάτιον,</em></strong></span> 
     </span>
     <span class='ocr_line' id='line_1_6' title="bbox 162 828 1270 915; baseline 0.003 -22"><span class='ocrx_word' id='word_1_41' title='bbox 162 836 212 893; x_wconf 90' lang='lat' dir='ltr'><strong>ubi</strong></span> <span class='ocrx_word' id='word_1_42' title='bbox 227 836 328 894; x_wconf 89' lang='lat' dir='ltr'><strong>dicitur</strong></span> <span class='ocrx_word' id='word_1_43' title='bbox 343 834 532 913; x_wconf 82' lang='lat' dir='ltr'><strong>protosebasti</strong></span> <span class='ocrx_word' id='word_1_44' title='bbox 555 834 646 914; x_wconf 75' lang='lat' dir='ltr'><strong>pileus</strong></span> <span class='ocrx_word' id='word_1_45' title='bbox 664 851 727 891; x_wconf 82' lang='lat' dir='ltr'><strong>esse</strong></span> <span class='ocrx_word' id='word_1_46' title='bbox 744 834 821 892; x_wconf 88' lang='lat' dir='ltr'><strong>aurei</strong></span> <span class='ocrx_word' id='word_1_47' title='bbox 837 839 868 892; x_wconf 89' lang='lat' dir='ltr'><strong>et</strong></span> <span class='ocrx_word' id='word_1_48' title='bbox 885 833 990 912; x_wconf 85' lang='lat' dir='ltr'><strong>prasini</strong></span> <span class='ocrx_word' id='word_1_49' title='bbox 1007 830 1123 910; x_wconf 83' lang='lat' dir='ltr'><strong>coloris,</strong></span> <span class='ocrx_word' id='word_1_50' title='bbox 1143 828 1222 915; x_wconf 73' lang='grc' dir='ltr'><strong><em>πλὴν</em></strong></span> <span class='ocrx_word' id='word_1_51' title='bbox 1236 831 1270 897; x_wconf 79' lang='lat' dir='ltr'><strong>td</strong></span> 
     </span>
     <span class='ocr_line' id='line_1_7' title="bbox 163 913 1272 1001; baseline -0.003 -19"><span class='ocrx_word' id='word_1_52' title='bbox 163 917 283 1001; x_wconf 77' lang='grc' dir='ltr'><strong><em>σύρμα,</em></strong></span> <span class='ocrx_word' id='word_1_53' title='bbox 299 913 337 981; x_wconf 81' lang='lat' dir='ltr'><strong>od</strong></span> <span class='ocrx_word' id='word_1_54' title='bbox 350 915 387 981; x_wconf 80' lang='grc' dir='ltr'><strong>το“</strong></span> <span class='ocrx_word' id='word_1_55' title='bbox 400 914 544 999; x_wconf 65' lang='lat' dir='ltr'><strong>dicitnr:</strong></span> <span class='ocrx_word' id='word_1_56' title='bbox 563 917 677 996; x_wconf 79' lang='lat' dir='ltr'><strong>lunius,</strong></span> <span class='ocrx_word' id='word_1_57' title='bbox 696 924 866 977; x_wconf 78' lang='lat' dir='ltr'><strong>veruntamen</strong></span> <span class='ocrx_word' id='word_1_58' title='bbox 876 924 1006 998; x_wconf 68' lang='grc' dir='ltr'><strong><em>ιυτιοολι,</em></strong></span> <span class='ocrx_word' id='word_1_59' title='bbox 1020 939 1072 977; x_wconf 86' lang='lat' dir='ltr'><strong>non</strong></span> <span class='ocrx_word' id='word_1_60' title='bbox 1082 924 1169 977; x_wconf 82' lang='lat' dir='ltr'><strong>antem</strong></span> <span class='ocrx_word' id='word_1_61' title='bbox 1184 924 1272 993; x_wconf 68' lang='lat' dir='ltr'><strong>tan,</strong></span> 
     </span>
     <span class='ocr_line' id='line_1_8' title="bbox 164 1002 1272 1083; baseline -0.002 -20"><span class='ocrx_word' id='word_1_62' title='bbox 164 1008 231 1081; x_wconf 91' lang='lat' dir='ltr'><strong>quia</strong></span> <span class='ocrx_word' id='word_1_63' title='bbox 249 1006 331 1064; x_wconf 86' lang='lat' dir='ltr'><strong>lunio</strong></span> <span class='ocrx_word' id='word_1_64' title='bbox 353 1002 477 1083; x_wconf 80' lang='grc' dir='ltr'><strong><em>βλάτιον</em></strong></span> <span class='ocrx_word' id='word_1_65' title='bbox 497 1005 565 1063; x_wconf 88' lang='lat' dir='ltr'><strong>nihil</strong></span> <span class='ocrx_word' id='word_1_66' title='bbox 577 1004 654 1064; x_wconf 88' lang='lat' dir='ltr'><strong>alind</strong></span> <span class='ocrx_word' id='word_1_67' title='bbox 670 1009 730 1083; x_wconf 85' lang='lat' dir='ltr'><strong>est,</strong></span> <span class='ocrx_word' id='word_1_68' title='bbox 751 1021 839 1079; x_wconf 89' lang='lat' dir='ltr'><strong>quam</strong></span> <span class='ocrx_word' id='word_1_69' title='bbox 854 1004 1027 1082; x_wconf 75' lang='lat' dir='ltr'><strong>opustextile.</strong></span> <span class='ocrx_word' id='word_1_70' title='bbox 1064 1004 1194 1078; x_wconf 80' lang='lat' dir='ltr'><strong>quocirca</strong></span> <span class='ocrx_word' id='word_1_71' title='bbox 1210 1004 1272 1062; x_wconf 88' lang='lat' dir='ltr'><strong>ubi-</strong></span> 
     </span>
     <span class='ocr_line' id='line_1_9' title="bbox 163 1090 1272 1167; baseline 0 -18"><span class='ocrx_word' id='word_1_72' title='bbox 163 1111 220 1167; x_wconf 89' lang='lat' dir='ltr'><strong>que</strong></span> <span class='ocrx_word' id='word_1_73' title='bbox 247 1091 296 1147; x_wconf 89' lang='lat' dir='ltr'><strong>ubi</strong></span> <span class='ocrx_word' id='word_1_74' title='bbox 318 1091 425 1149; x_wconf 88' lang='lat' dir='ltr'><strong>mentio</strong></span> <span class='ocrx_word' id='word_1_75' title='bbox 448 1091 486 1149; x_wconf 91' lang='lat' dir='ltr'><strong>de</strong></span> <span class='ocrx_word' id='word_1_76' title='bbox 511 1090 615 1167; x_wconf 86' lang='lat' dir='ltr'><strong>hiatio,</strong></span> <span class='ocrx_word' id='word_1_77' title='bbox 636 1090 674 1148; x_wconf 89' lang='lat' dir='ltr'><strong>ad</strong></span> <span class='ocrx_word' id='word_1_78' title='bbox 700 1094 809 1149; x_wconf 83' lang='lat' dir='ltr'><strong>textum</strong></span> <span class='ocrx_word' id='word_1_79' title='bbox 832 1096 862 1149; x_wconf 89' lang='lat' dir='ltr'><strong>et</strong></span> <span class='ocrx_word' id='word_1_80' title='bbox 884 1090 1033 1149; x_wconf 81' lang='lat' dir='ltr'><strong>textrinam</strong></span> <span class='ocrx_word' id='word_1_81' title='bbox 1055 1090 1191 1166; x_wconf 80' lang='lat' dir='ltr'><strong>confugit.</strong></span> <span class='ocrx_word' id='word_1_82' title='bbox 1219 1091 1272 1149; x_wconf 81' lang='lat' dir='ltr'><strong>sed</strong></span> 
     </span>
     <span class='ocr_line' id='line_1_10' title="bbox 162 1167 1272 1256; baseline -0.001 -21"><span class='ocrx_word' id='word_1_83' title='bbox 162 1176 315 1255; x_wconf 86' lang='lat' dir='ltr'><strong>legeudmn</strong></span> <span class='ocrx_word' id='word_1_84' title='bbox 334 1174 353 1234; x_wconf 92' lang='lat' dir='ltr'><strong>l.</strong></span> <span class='ocrx_word' id='word_1_85' title='bbox 374 1195 398 1235; x_wconf 86' lang='lat' dir='ltr'><strong>c</strong></span> <span class='ocrx_word' id='word_1_86' title='bbox 426 1171 508 1256; x_wconf 71' lang='grc' dir='ltr'><strong><em>πλήν</em></strong></span> <span class='ocrx_word' id='word_1_87' title='bbox 527 1173 563 1239; x_wconf 80' lang='lat' dir='ltr'><strong>cd</strong></span> <span class='ocrx_word' id='word_1_88' title='bbox 593 1167 707 1256; x_wconf 78' lang='grc' dir='ltr'><strong><em>σύρμοι,</em></strong></span> <span class='ocrx_word' id='word_1_89' title='bbox 733 1178 825 1236; x_wconf 73' lang='grc' dir='ltr'><strong><em>τοῦτο</em></strong></span> <span class='ocrx_word' id='word_1_90' title='bbox 847 1168 986 1253; x_wconf 79' lang='grc' dir='ltr'><strong><em>βλάτιον,</em></strong></span> <span class='ocrx_word' id='word_1_91' title='bbox 1008 1180 1114 1253; x_wconf 66' lang='lat' dir='ltr'><strong>arepto</strong></span> <span class='ocrx_word' id='word_1_92' title='bbox 1137 1182 1272 1255; x_wconf 70' lang='lat' dir='ltr'><strong>syrmate:</strong></span> 
     </span>
     <span class='ocr_line' id='line_1_11' title="bbox 163 1259 1272 1340; baseline 0.001 -20"><span class='ocrx_word' id='word_1_93' title='bbox 163 1264 213 1320; x_wconf 80' lang='lat' dir='ltr'><strong>boc</strong></span> <span class='ocrx_word' id='word_1_94' title='bbox 233 1265 301 1320; x_wconf 80' lang='lat' dir='ltr'><strong>euim</strong></span> <span class='ocrx_word' id='word_1_95' title='bbox 318 1280 480 1338; x_wconf 75' lang='lat' dir='ltr'><strong>purpureum</strong></span> <span class='ocrx_word' id='word_1_96' title='bbox 505 1268 553 1321; x_wconf 75' lang='lat' dir='ltr'><strong>ert.</strong></span> <span class='ocrx_word' id='word_1_97' title='bbox 584 1279 651 1319; x_wconf 84' lang='lat' dir='ltr'><strong>nam</strong></span> <span class='ocrx_word' id='word_1_98' title='bbox 675 1260 777 1339; x_wconf 84' lang='lat' dir='ltr'><strong>prioris</strong></span> <span class='ocrx_word' id='word_1_99' title='bbox 800 1261 954 1340; x_wconf 71' lang='lat' dir='ltr'><strong>scripturae</strong></span> <span class='ocrx_word' id='word_1_100' title='bbox 980 1259 1073 1318; x_wconf 85' lang='lat' dir='ltr'><strong>nullus</strong></span> <span class='ocrx_word' id='word_1_101' title='bbox 1095 1264 1141 1319; x_wconf 90' lang='lat' dir='ltr'><strong>est</strong></span> <span class='ocrx_word' id='word_1_102' title='bbox 1162 1280 1272 1321; x_wconf 83' lang='lat' dir='ltr'><strong>sensus.</strong></span> 
     </span>
     <span class='ocr_line' id='line_1_12' title="bbox 163 1340 1271 1425; baseline 0.002 -21"><span class='ocrx_word' id='word_1_103' title='bbox 163 1348 264 1405; x_wconf 89' lang='lat' dir='ltr'><strong>eodem</strong></span> <span class='ocrx_word' id='word_1_104' title='bbox 285 1366 308 1404; x_wconf 79' lang='lat' dir='ltr'><strong>c</strong></span> <span class='ocrx_word' id='word_1_105' title='bbox 335 1346 424 1405; x_wconf 85' lang='lat' dir='ltr'><strong>babes</strong></span> <span class='ocrx_word' id='word_1_106' title='bbox 446 1342 554 1408; x_wconf 79' lang='lat' dir='ltr'><strong>tevudv</strong></span> <span class='ocrx_word' id='word_1_107' title='bbox 578 1340 712 1425; x_wconf 81' lang='grc' dir='ltr'><strong><em>βλοὶτιον.</em></strong></span> <span class='ocrx_word' id='word_1_108' title='bbox 736 1346 826 1405; x_wconf 66' lang='lat' dir='ltr'><strong>dhara</strong></span> <span class='ocrx_word' id='word_1_109' title='bbox 854 1346 933 1405; x_wconf 86' lang='lat' dir='ltr'><strong>telam</strong></span> <span class='ocrx_word' id='word_1_110' title='bbox 954 1346 1047 1405; x_wconf 82' lang='lat' dir='ltr'><strong>reddit</strong></span> <span class='ocrx_word' id='word_1_111' title='bbox 1066 1343 1172 1407; x_wconf 80' lang='lat' dir='ltr'><strong>Iunius.</strong></span> <span class='ocrx_word' id='word_1_112' title='bbox 1195 1346 1271 1406; x_wconf 87' lang='lat' dir='ltr'><strong>malo</strong></span> 
     </span>
     <span class='ocr_line' id='line_1_13' title="bbox 163 1428 1271 1511; baseline 0 -20"><span class='ocrx_word' id='word_1_113' title='bbox 163 1433 254 1491; x_wconf 75' lang='grc' dir='ltr'><strong><em>οὶόιιοι</em></strong></span> <span class='ocrx_word' id='word_1_114' title='bbox 266 1451 393 1509; x_wconf 81' lang='lat' dir='ltr'><strong>pannum,</strong></span> <span class='ocrx_word' id='word_1_115' title='bbox 414 1435 447 1488; x_wconf 92' lang='lat' dir='ltr'><strong>ut</strong></span> <span class='ocrx_word' id='word_1_116' title='bbox 460 1432 562 1491; x_wconf 82' lang='lat' dir='ltr'><strong>blatr&#39;on</strong></span> <span class='ocrx_word' id='word_1_117' title='bbox 574 1431 729 1509; x_wconf 72' lang='lat' dir='ltr'><strong>gementim</strong></span> <span class='ocrx_word' id='word_1_118' title='bbox 745 1432 785 1489; x_wconf 82' lang='lat' dir='ltr'><strong>sit</strong></span> <span class='ocrx_word' id='word_1_119' title='bbox 793 1452 909 1511; x_wconf 75' lang='grc' dir='ltr'><strong><em>ρατιονε,</em></strong></span> <span class='ocrx_word' id='word_1_120' title='bbox 919 1431 971 1489; x_wconf 87' lang='lat' dir='ltr'><strong>sed</strong></span> <span class='ocrx_word' id='word_1_121' title='bbox 988 1430 1042 1490; x_wconf 87' lang='lat' dir='ltr'><strong>hoc</strong></span> <span class='ocrx_word' id='word_1_122' title='bbox 1054 1428 1116 1490; x_wconf 91' lang='lat' dir='ltr'><strong>loco</strong></span> <span class='ocrx_word' id='word_1_123' title='bbox 1128 1432 1271 1491; x_wconf 77' lang='lat' dir='ltr'><strong>candidae.</strong></span> 
     </span>
     <span class='ocr_line' id='line_1_14' title="bbox 162 1508 1273 1598; baseline -0.001 -22"><span class='ocrx_word' id='word_1_124' title='bbox 162 1536 235 1595; x_wconf 70' lang='lat' dir='ltr'><strong>mou¹</strong></span> <span class='ocrx_word' id='word_1_125' title='bbox 248 1514 281 1578; x_wconf 76' lang='grc' dir='ltr'><strong>ἔτι</strong></span> <span class='ocrx_word' id='word_1_126' title='bbox 299 1520 360 1576; x_wconf 79' lang='grc' dir='ltr'><strong><em>τῶν</em></strong></span> <span class='ocrx_word' id='word_1_127' title='bbox 379 1512 525 1596; x_wconf 80' lang='grc' dir='ltr'><strong><em>συνήθως</em></strong></span> <span class='ocrx_word' id='word_1_128' title='bbox 552 1513 791 1596; x_wconf 77' lang='grc' dir='ltr'><strong><em>πολιτευομένων</em></strong></span> <span class='ocrx_word' id='word_1_129' title='bbox 818 1519 966 1598; x_wconf 87' lang='grc' dir='ltr'><strong><em>βλοτλων,</em></strong></span> <span class='ocrx_word' id='word_1_130' title='bbox 986 1517 1035 1574; x_wconf 91' lang='lat' dir='ltr'><strong>ubi</strong></span> <span class='ocrx_word' id='word_1_131' title='bbox 1056 1508 1164 1595; x_wconf 80' lang='grc' dir='ltr'><strong><em>βλοὶτια</em></strong></span> <span class='ocrx_word' id='word_1_132' title='bbox 1184 1535 1273 1592; x_wconf 85' lang='lat' dir='ltr'><strong>gene-</strong></span> 
     </span>
     <span class='ocr_line' id='line_1_15' title="bbox 162 1600 1271 1678; baseline 0 -19"><span class='ocrx_word' id='word_1_133' title='bbox 162 1602 247 1659; x_wconf 88' lang='lat' dir='ltr'><strong>ratim</strong></span> <span class='ocrx_word' id='word_1_134' title='bbox 268 1604 448 1661; x_wconf 74' lang='lat' dir='ltr'><strong>vestimentem</strong></span> <span class='ocrx_word' id='word_1_135' title='bbox 467 1608 575 1661; x_wconf 87' lang='lat' dir='ltr'><strong>vertere</strong></span> <span class='ocrx_word' id='word_1_136' title='bbox 592 1606 683 1678; x_wconf 85' lang='lat' dir='ltr'><strong>potes.</strong></span> <span class='ocrx_word' id='word_1_137' title='bbox 710 1620 813 1659; x_wconf 80' lang='lat' dir='ltr'><strong>seusus</strong></span> <span class='ocrx_word' id='word_1_138' title='bbox 834 1603 908 1661; x_wconf 89' lang='lat' dir='ltr'><strong>euim</strong></span> <span class='ocrx_word' id='word_1_139' title='bbox 923 1608 981 1659; x_wconf 89' lang='lat' dir='ltr'><strong>est:</strong></span> <span class='ocrx_word' id='word_1_140' title='bbox 1002 1600 1170 1661; x_wconf 86' lang='lat' dir='ltr'><strong>cabbadium</strong></span> <span class='ocrx_word' id='word_1_141' title='bbox 1187 1602 1271 1660; x_wconf 87' lang='lat' dir='ltr'><strong>huius</strong></span> 
     </span>
     <span class='ocr_line' id='line_1_16' title="bbox 161 1684 1373 1773; baseline 0 -28"><span class='ocrx_word' id='word_1_142' title='bbox 161 1686 326 1764; x_wconf 78' lang='lat' dir='ltr'><strong>logothetae</strong></span> <span class='ocrx_word' id='word_1_143' title='bbox 346 1704 409 1744; x_wconf 83' lang='lat' dir='ltr'><strong>esse</strong></span> <span class='ocrx_word' id='word_1_144' title='bbox 426 1706 513 1745; x_wconf 90' lang='lat' dir='ltr'><strong>uuum</strong></span> <span class='ocrx_word' id='word_1_145' title='bbox 533 1705 568 1745; x_wconf 83' lang='lat' dir='ltr'><strong>ex</strong></span> <span class='ocrx_word' id='word_1_146' title='bbox 592 1687 626 1743; x_wconf 81' lang='lat' dir='ltr'><strong>iis</strong></span> <span class='ocrx_word' id='word_1_147' title='bbox 647 1688 763 1746; x_wconf 72' lang='lat' dir='ltr'><strong>vntibm</strong></span> <span class='ocrx_word' id='word_1_148' title='bbox 786 1684 858 1762; x_wconf 88' lang='lat' dir='ltr'><strong>quae</strong></span> <span class='ocrx_word' id='word_1_149' title='bbox 882 1693 1017 1747; x_wconf 87' lang='lat' dir='ltr'><strong>consueto</strong></span> <span class='ocrx_word' id='word_1_150' title='bbox 1035 1706 1112 1746; x_wconf 90' lang='lat' dir='ltr'><strong>more</strong></span> <span class='ocrx_word' id='word_1_151' title='bbox 1132 1688 1270 1747; x_wconf 85' lang='lat' dir='ltr'><strong>feruutur.</strong></span> <span class='ocrx_word' id='word_1_152' title='bbox 1368 1754 1373 1773; x_wconf 28' lang='lat' dir='ltr'>x</span> 
     </span>
     <span class='ocr_line' id='line_1_17' title="bbox 160 1768 1272 1853; baseline 0.004 -23"><span class='ocrx_word' id='word_1_153' title='bbox 160 1787 259 1830; x_wconf 84' lang='lat' dir='ltr'><strong>rursus</strong></span> <span class='ocrx_word' id='word_1_154' title='bbox 273 1792 297 1829; x_wconf 93' lang='lat' dir='ltr'><strong>c.</strong></span> <span class='ocrx_word' id='word_1_155' title='bbox 314 1774 354 1835; x_wconf 83' lang='grc'><strong>17</strong></span> <span class='ocrx_word' id='word_1_156' title='bbox 371 1772 489 1849; x_wconf 88' lang='lat' dir='ltr'><strong>erigitur</strong></span> <span class='ocrx_word' id='word_1_157' title='bbox 510 1772 682 1849; x_wconf 84' lang='lat' dir='ltr'><strong>anabathra,</strong></span> <span class='ocrx_word' id='word_1_158' title='bbox 701 1790 822 1847; x_wconf 86' lang='lat' dir='ltr'><strong>eamque</strong></span> <span class='ocrx_word' id='word_1_159' title='bbox 843 1778 946 1851; x_wconf 88' lang='lat' dir='ltr'><strong>tegunt</strong></span> <span class='ocrx_word' id='word_1_160' title='bbox 965 1778 995 1831; x_wconf 91' lang='lat' dir='ltr'><strong>et</strong></span> <span class='ocrx_word' id='word_1_161' title='bbox 1014 1776 1116 1831; x_wconf 89' lang='lat' dir='ltr'><strong>ornant</strong></span> <span class='ocrx_word' id='word_1_162' title='bbox 1133 1768 1184 1834; x_wconf 80' lang='lat' dir='ltr'><strong>deni</strong></span> <span class='ocrx_word' id='word_1_163' title='bbox 1198 1773 1272 1853; x_wconf 85' lang='grc' dir='ltr'><strong><em>βλα-</em></strong></span> 
     </span>
     <span class='ocr_line' id='line_1_18' title="bbox 160 1854 1270 1941; baseline -0.004 -22"><span class='ocrx_word' id='word_1_164' title='bbox 160 1859 236 1919; x_wconf 84' lang='grc' dir='ltr'><strong><em>τίων</em></strong></span> <span class='ocrx_word' id='word_1_165' title='bbox 261 1856 403 1936; x_wconf 60' lang='lat' dir='ltr'><strong>caenae</strong></span> <span class='ocrx_word' id='word_1_166' title='bbox 424 1859 513 1917; x_wconf 72' lang='lat' dir='ltr'><strong>nebris</strong></span> <span class='ocrx_word' id='word_1_167' title='bbox 531 1861 649 1935; x_wconf 57' lang='lat' dir='ltr'><strong>potuim·</strong></span> <span class='ocrx_word' id='word_1_168' title='bbox 677 1856 724 1915; x_wconf 90' lang='lat' dir='ltr'><strong>ubi</strong></span> <span class='ocrx_word' id='word_1_169' title='bbox 744 1858 846 1917; x_wconf 85' lang='lat' dir='ltr'><strong>iterum</strong></span> <span class='ocrx_word' id='word_1_170' title='bbox 864 1854 990 1941; x_wconf 79' lang='grc' dir='ltr'><strong><em>βλάτιον</em></strong></span> <span class='ocrx_word' id='word_1_171' title='bbox 1008 1878 1061 1937; x_wconf 90' lang='lat' dir='ltr'><strong>pro</strong></span> <span class='ocrx_word' id='word_1_172' title='bbox 1079 1877 1170 1935; x_wconf 80' lang='lat' dir='ltr'><strong>pauno</strong></span> <span class='ocrx_word' id='word_1_173' title='bbox 1186 1878 1270 1916; x_wconf 85' lang='lat' dir='ltr'><strong>usur-</strong></span> 
     </span>
     <span class='ocr_line' id='line_1_19' title="bbox 160 1940 1270 2022; baseline 0.001 -22"><span class='ocrx_word' id='word_1_174' title='bbox 160 1948 262 2022; x_wconf 86' lang='lat' dir='ltr'><strong>patum</strong></span> <span class='ocrx_word' id='word_1_175' title='bbox 280 1942 367 2000; x_wconf 86' lang='lat' dir='ltr'><strong>vides.</strong></span> <span class='ocrx_word' id='word_1_176' title='bbox 409 1940 507 2000; x_wconf 79' lang='lat' dir='ltr'><strong>lunius</strong></span> <span class='ocrx_word' id='word_1_177' title='bbox 520 1941 604 2000; x_wconf 91' lang='lat' dir='ltr'><strong>vertit</strong></span> <span class='ocrx_word' id='word_1_178' title='bbox 619 1944 739 2001; x_wconf 73' lang='lat' dir='ltr'><strong>bracteas</strong></span> <span class='ocrx_word' id='word_1_179' title='bbox 753 1945 864 2003; x_wconf 69' lang='lat' dir='ltr'><strong>notras:</strong></span> <span class='ocrx_word' id='word_1_180' title='bbox 882 1946 934 2003; x_wconf 85' lang='lat' dir='ltr'><strong>sed</strong></span> <span class='ocrx_word' id='word_1_181' title='bbox 943 1943 1011 2002; x_wconf 84' lang='lat' dir='ltr'><strong>velis</strong></span> <span class='ocrx_word' id='word_1_182' title='bbox 1026 1949 1055 2001; x_wconf 91' lang='lat' dir='ltr'><strong>et</strong></span> <span class='ocrx_word' id='word_1_183' title='bbox 1067 1942 1270 2021; x_wconf 78' lang='lat' dir='ltr'><strong>peripetasma-</strong></span> 
     </span>
     <span class='ocr_line' id='line_1_20' title="bbox 160 2026 1271 2105; baseline -0.001 -19"><span class='ocrx_word' id='word_1_184' title='bbox 160 2028 200 2086; x_wconf 82' lang='lat' dir='ltr'><strong>tis</strong></span> <span class='ocrx_word' id='word_1_185' title='bbox 213 2026 387 2086; x_wconf 87' lang='lat' dir='ltr'><strong>anabathrae</strong></span> <span class='ocrx_word' id='word_1_186' title='bbox 408 2027 487 2085; x_wconf 89' lang='lat' dir='ltr'><strong>iudni</strong></span> <span class='ocrx_word' id='word_1_187' title='bbox 500 2026 652 2102; x_wconf 79' lang='lat' dir='ltr'><strong>vestirique</strong></span> <span class='ocrx_word' id='word_1_188' title='bbox 674 2027 783 2105; x_wconf 82' lang='lat' dir='ltr'><strong>solent,</strong></span> <span class='ocrx_word' id='word_1_189' title='bbox 807 2048 865 2087; x_wconf 91' lang='lat' dir='ltr'><strong>uon</strong></span> <span class='ocrx_word' id='word_1_190' title='bbox 880 2029 1000 2089; x_wconf 83' lang='lat' dir='ltr'><strong>bracteis</strong></span> <span class='ocrx_word' id='word_1_191' title='bbox 1014 2034 1045 2086; x_wconf 89' lang='lat' dir='ltr'><strong>et</strong></span> <span class='ocrx_word' id='word_1_192' title='bbox 1064 2028 1181 2089; x_wconf 83' lang='lat' dir='ltr'><strong>laminis.</strong></span> <span class='ocrx_word' id='word_1_193' title='bbox 1202 2027 1271 2086; x_wconf 89' lang='lat' dir='ltr'><strong>alibi</strong></span> 
     </span>
     <span class='ocr_line' id='line_1_21' title="bbox 160 2112 1270 2195; baseline 0.005 -27"><span class='ocrx_word' id='word_1_194' title='bbox 160 2132 191 2191; x_wconf 82' lang='lat' dir='ltr'><strong>p.</strong></span> <span class='ocrx_word' id='word_1_195' title='bbox 213 2112 276 2175; x_wconf 76' lang='lat'><strong>102</strong></span> <span class='ocrx_word' id='word_1_196' title='bbox 294 2113 334 2176; x_wconf 89' lang='grc'><strong>17</strong></span> <span class='ocrx_word' id='word_1_197' title='bbox 356 2112 385 2168; x_wconf 89' lang='lat' dir='ltr'><strong>iu</strong></span> <span class='ocrx_word' id='word_1_198' title='bbox 404 2112 522 2172; x_wconf 88' lang='lat' dir='ltr'><strong>triclinio</strong></span> <span class='ocrx_word' id='word_1_199' title='bbox 535 2112 711 2191; x_wconf 82' lang='lat' dir='ltr'><strong>imperatoris</strong></span> <span class='ocrx_word' id='word_1_200' title='bbox 729 2114 855 2173; x_wconf 86' lang='lat' dir='ltr'><strong>vestirnrt</strong></span> <span class='ocrx_word' id='word_1_201' title='bbox 876 2112 1060 2173; x_wconf 85' lang='lat' dir='ltr'><strong>anabathram</strong></span> <span class='ocrx_word' id='word_1_202' title='bbox 1075 2114 1186 2195; x_wconf 78' lang='grc' dir='ltr'><strong><em>βλοιτίῳ</em></strong></span> <span class='ocrx_word' id='word_1_203' title='bbox 1200 2136 1270 2175; x_wconf 85' lang='grc' dir='ltr'><strong><em>κοκ-</em></strong></span> 
     </span>
     <span class='ocr_line' id='line_1_22' title="bbox 160 2196 1270 2279; baseline -0.002 -20"><span class='ocrx_word' id='word_1_204' title='bbox 160 2196 250 2279; x_wconf 80' lang='grc' dir='ltr'><strong><em>τιλνω.</em></strong></span> <span class='ocrx_word' id='word_1_205' title='bbox 281 2196 393 2273; x_wconf 83' lang='lat' dir='ltr'><strong>Iunius,</strong></span> <span class='ocrx_word' id='word_1_206' title='bbox 421 2197 501 2257; x_wconf 81' lang='lat' dir='ltr'><strong>linteo</strong></span> <span class='ocrx_word' id='word_1_207' title='bbox 518 2202 637 2257; x_wconf 75' lang='lat' dir='ltr'><strong>corono:</strong></span> <span class='ocrx_word' id='word_1_208' title='bbox 666 2198 719 2257; x_wconf 81' lang='lat' dir='ltr'><strong>aed</strong></span> <span class='ocrx_word' id='word_1_209' title='bbox 737 2198 835 2257; x_wconf 88' lang='lat' dir='ltr'><strong>melius</strong></span> <span class='ocrx_word' id='word_1_210' title='bbox 849 2220 940 2279; x_wconf 82' lang='lat' dir='ltr'><strong>panno</strong></span> <span class='ocrx_word' id='word_1_211' title='bbox 960 2202 1087 2257; x_wconf 82' lang='grc' dir='ltr'><strong><em>οοτιιόιο.</em></strong></span> <span class='ocrx_word' id='word_1_212' title='bbox 1107 2218 1130 2256; x_wconf 90' lang='lat' dir='ltr'><strong>c.</strong></span> <span class='ocrx_word' id='word_1_213' title='bbox 1153 2202 1270 2261; x_wconf 85' lang='lat' dir='ltr'><strong>titeuet</strong></span> 
     </span>
     <span class='ocr_line' id='line_1_23' title="bbox 159 2276 1269 2363; baseline 0.003 -23"><span class='ocrx_word' id='word_1_214' title='bbox 159 2283 315 2360; x_wconf 86' lang='lat' dir='ltr'><strong>imperator</strong></span> <span class='ocrx_word' id='word_1_215' title='bbox 337 2301 422 2340; x_wconf 90' lang='lat' dir='ltr'><strong>manu</strong></span> <span class='ocrx_word' id='word_1_216' title='bbox 445 2283 560 2342; x_wconf 83' lang='lat' dir='ltr'><strong>sinistra</strong></span> <span class='ocrx_word' id='word_1_217' title='bbox 578 2276 701 2361; x_wconf 75' lang='grc' dir='ltr'><strong><em>βλοὶιιον</em></strong></span> <span class='ocrx_word' id='word_1_218' title='bbox 724 2278 832 2345; x_wconf 78' lang='grc' dir='ltr'><strong><em>ιιωίλικι</em></strong></span> <span class='ocrx_word' id='word_1_219' title='bbox 858 2277 973 2358; x_wconf 64' lang='lat' dir='ltr'><strong>torneie:</strong></span> <span class='ocrx_word' id='word_1_220' title='bbox 1002 2283 1051 2341; x_wconf 90' lang='lat' dir='ltr'><strong>nbi</strong></span> <span class='ocrx_word' id='word_1_221' title='bbox 1072 2276 1195 2363; x_wconf 75' lang='grc' dir='ltr'><strong><em>βλᾶτιον</em></strong></span> <span class='ocrx_word' id='word_1_222' title='bbox 1222 2290 1269 2343; x_wconf 89' lang='lat' dir='ltr'><strong>est</strong></span> 
     </span>
     <span class='ocr_line' id='line_1_24' title="bbox 161 2366 1269 2447; baseline -0.001 -21"><span class='ocrx_word' id='word_1_223' title='bbox 161 2368 283 2428; x_wconf 75' lang='lat' dir='ltr'><strong>uotorum</strong></span> <span class='ocrx_word' id='word_1_224' title='bbox 301 2366 362 2425; x_wconf 79' lang='lat' dir='ltr'><strong>aive</strong></span> <span class='ocrx_word' id='word_1_225' title='bbox 378 2369 545 2429; x_wconf 80' lang='grc' dir='ltr'><strong><em>ιὀοολιιιιιοο</em></strong></span> <span class='ocrx_word' id='word_1_226' title='bbox 563 2367 719 2444; x_wconf 82' lang='lat' dir='ltr'><strong>obligatum</strong></span> <span class='ocrx_word' id='word_1_227' title='bbox 739 2368 855 2434; x_wconf 82' lang='lat' dir='ltr'><strong>mantili.</strong></span> <span class='ocrx_word' id='word_1_228' title='bbox 876 2369 906 2441; x_wconf 80' lang='lat' dir='ltr'><strong>id</strong></span> <span class='ocrx_word' id='word_1_229' title='bbox 922 2368 963 2428; x_wconf 89' lang='lat' dir='ltr'><strong>ita</strong></span> <span class='ocrx_word' id='word_1_230' title='bbox 977 2388 1055 2446; x_wconf 77' lang='lat' dir='ltr'><strong>esse,</strong></span> <span class='ocrx_word' id='word_1_231' title='bbox 1076 2367 1162 2427; x_wconf 78' lang='lat' dir='ltr'><strong>oculis</strong></span> <span class='ocrx_word' id='word_1_232' title='bbox 1180 2368 1269 2447; x_wconf 85' lang='lat' dir='ltr'><strong>inspi-</strong></span> 
     </span>
    </p>

    <p class='ocr_par' dir='ltr' id='par_1_3' title="bbox 115 2453 1286 2706">
     <span class='ocr_line' id='line_1_25' title="bbox 115 2453 1286 2536; baseline 0.003 -26"><span class='ocrx_word' id='word_1_233' title='bbox 115 2492 126 2502; x_wconf 91' lang='lat'><em>-</em></span> <span class='ocrx_word' id='word_1_234' title='bbox 161 2471 225 2511; x_wconf 88' lang='lat' dir='ltr'><strong>cere</strong></span> <span class='ocrx_word' id='word_1_235' title='bbox 249 2457 332 2531; x_wconf 84' lang='lat' dir='ltr'><strong>potes</strong></span> <span class='ocrx_word' id='word_1_236' title='bbox 353 2453 384 2509; x_wconf 92' lang='lat' dir='ltr'><strong>in</strong></span> <span class='ocrx_word' id='word_1_237' title='bbox 402 2453 491 2511; x_wconf 79' lang='lat' dir='ltr'><strong>tribum</strong></span> <span class='ocrx_word' id='word_1_238' title='bbox 510 2453 678 2531; x_wconf 70' lang='lat' dir='ltr'><strong>imaginibus</strong></span> <span class='ocrx_word' id='word_1_239' title='bbox 693 2455 894 2532; x_wconf 88' lang='lat' dir='ltr'><strong>imperatorum</strong></span> <span class='ocrx_word' id='word_1_240' title='bbox 914 2454 993 2514; x_wconf 88' lang='lat' dir='ltr'><strong>initio</strong></span> <span class='ocrx_word' id='word_1_241' title='bbox 1008 2454 1171 2531; x_wconf 87' lang='lat' dir='ltr'><strong>Gregorae,</strong></span> <span class='ocrx_word' id='word_1_242' title='bbox 1190 2460 1221 2511; x_wconf 87' lang='lat' dir='ltr'><strong>et</strong></span> <span class='ocrx_word' id='word_1_243' title='bbox 1238 2456 1286 2536; x_wconf 24' lang='grc' dir='ltr'><strong>ἰοί</strong></span> 
     </span>
     <span class='ocr_line' id='line_1_26' title="bbox 161 2535 1269 2619; baseline 0.002 -24"><span class='ocrx_word' id='word_1_244' title='bbox 161 2556 276 2596; x_wconf 86' lang='lat' dir='ltr'><strong>nummo</strong></span> <span class='ocrx_word' id='word_1_245' title='bbox 290 2535 459 2615; x_wconf 79' lang='lat' dir='ltr'><strong>Theodosi,</strong></span> <span class='ocrx_word' id='word_1_246' title='bbox 484 2557 568 2615; x_wconf 89' lang='lat' dir='ltr'><strong>quem</strong></span> <span class='ocrx_word' id='word_1_247' title='bbox 580 2545 647 2598; x_wconf 87' lang='lat' dir='ltr'><strong>tom</strong></span> <span class='ocrx_word' id='word_1_248' title='bbox 663 2539 684 2601; x_wconf 78' lang='lat'><strong>3</strong></span> <span class='ocrx_word' id='word_1_249' title='bbox 701 2540 738 2599; x_wconf 92' lang='lat' dir='ltr'><strong>de</strong></span> <span class='ocrx_word' id='word_1_250' title='bbox 755 2541 787 2601; x_wconf 77' lang='lat' dir='ltr'><strong>S.</strong></span> <span class='ocrx_word' id='word_1_251' title='bbox 805 2542 897 2600; x_wconf 88' lang='lat' dir='ltr'><strong>Cruce</strong></span> <span class='ocrx_word' id='word_1_252' title='bbox 913 2542 932 2604; x_wconf 88' lang='lat'>1</span> <span class='ocrx_word' id='word_1_253' title='bbox 946 2538 985 2605; x_wconf 84' lang='lat'><strong>14</strong></span> <span class='ocrx_word' id='word_1_254' title='bbox 999 2538 1182 2619; x_wconf 84' lang='lat' dir='ltr'><strong>vulgavimus.</strong></span> <span class='ocrx_word' id='word_1_255' title='bbox 1203 2559 1228 2598; x_wconf 92' lang='lat' dir='ltr'><strong>c.</strong></span> <span class='ocrx_word' id='word_1_256' title='bbox 1246 2540 1269 2605; x_wconf 80' lang='grc'><strong>4</strong></span> 
     </span>
     <span class='ocr_line' id='line_1_27' title="bbox 161 2616 707 2706; baseline 0.011 -24"><span class='ocrx_word' id='word_1_257' title='bbox 161 2622 250 2683; x_wconf 86' lang='lat' dir='ltr'><strong>habes</strong></span> <span class='ocrx_word' id='word_1_258' title='bbox 264 2616 404 2685; x_wconf 74' lang='grc' dir='ltr'><strong>σκιάδιον</strong></span> <span class='ocrx_word' id='word_1_259' title='bbox 416 2616 541 2703; x_wconf 78' lang='grc' dir='ltr'><strong><em>βλᾶτιον</em></strong></span> <span class='ocrx_word' id='word_1_260' title='bbox 557 2622 707 2706; x_wconf 78' lang='grc' dir='ltr'><strong><em>διβολέον.</em></strong></span> 
     </span>
    </p>
   </div>
   <div class='ocr_carea' id='block_1_3' title="bbox 159 2734 1376 3654">
    <p class='ocr_par' dir='ltr' id='par_1_4' title="bbox 159 2734 1376 3654">
     <span class='ocr_line' id='line_1_28' title="bbox 246 2734 1269 2823; baseline 0.005 -24"><span class='ocrx_word' id='word_1_261' title='bbox 246 2739 293 2799; x_wconf 90' lang='lat' dir='ltr'><strong>De</strong></span> <span class='ocrx_word' id='word_1_262' title='bbox 305 2738 392 2799; x_wconf 90' lang='lat' dir='ltr'><strong>blatio</strong></span> <span class='ocrx_word' id='word_1_263' title='bbox 401 2741 443 2802; x_wconf 90' lang='lat' dir='ltr'><strong>ita</strong></span> <span class='ocrx_word' id='word_1_264' title='bbox 461 2739 573 2799; x_wconf 77' lang='lat' dir='ltr'><strong>Iunius:</strong></span> <span class='ocrx_word' id='word_1_265' title='bbox 594 2734 734 2821; x_wconf 70' lang='lat' dir='ltr'><strong>diuitiae,</strong></span> <span class='ocrx_word' id='word_1_266' title='bbox 746 2760 796 2820; x_wconf 81' lang='lat' dir='ltr'><strong>per</strong></span> <span class='ocrx_word' id='word_1_267' title='bbox 811 2762 938 2821; x_wconf 80' lang='lat' dir='ltr'><strong>syrnopeu</strong></span> <span class='ocrx_word' id='word_1_268' title='bbox 949 2760 999 2821; x_wconf 80' lang='lat' dir='ltr'><strong>pro</strong></span> <span class='ocrx_word' id='word_1_269' title='bbox 1012 2738 1170 2823; x_wconf 72' lang='lat' dir='ltr'><strong>deridetur,</strong></span> <span class='ocrx_word' id='word_1_270' title='bbox 1184 2738 1269 2822; x_wconf 78' lang='grc' dir='ltr'><strong><em>ποοολ</em></strong></span> 
     </span>
     <span class='ocr_line' id='line_1_29' title="bbox 160 2822 1270 2909; baseline 0 -21"><span class='ocrx_word' id='word_1_271' title='bbox 160 2822 194 2889; x_wconf 76' lang='lat' dir='ltr'><strong>vd</strong></span> <span class='ocrx_word' id='word_1_272' title='bbox 217 2822 360 2906; x_wconf 78' lang='grc' dir='ltr'><strong><em>βάλλειν,</em></strong></span> <span class='ocrx_word' id='word_1_273' title='bbox 381 2832 421 2884; x_wconf 84' lang='lat' dir='ltr'><strong>ert</strong></span> <span class='ocrx_word' id='word_1_274' title='bbox 438 2827 493 2885; x_wconf 77' lang='lat' dir='ltr'><strong>teta</strong></span> <span class='ocrx_word' id='word_1_275' title='bbox 511 2845 557 2885; x_wconf 81' lang='lat' dir='ltr'><strong>een</strong></span> <span class='ocrx_word' id='word_1_276' title='bbox 574 2827 676 2886; x_wconf 77' lang='lat' dir='ltr'><strong>tertilr’r</strong></span> <span class='ocrx_word' id='word_1_277' title='bbox 689 2830 802 2886; x_wconf 82' lang='lat' dir='ltr'><strong>materia</strong></span> <span class='ocrx_word' id='word_1_278' title='bbox 819 2833 927 2906; x_wconf 75' lang='lat' dir='ltr'><strong>quaevis</strong></span> <span class='ocrx_word' id='word_1_279' title='bbox 949 2832 1054 2906; x_wconf 74' lang='lat' dir='ltr'><strong>etopus</strong></span> <span class='ocrx_word' id='word_1_280' title='bbox 1075 2832 1193 2909; x_wconf 20' lang='lat' dir='ltr'><strong>tantumn,</strong></span> <span class='ocrx_word' id='word_1_281' title='bbox 1214 2832 1270 2888; x_wconf 78' lang='lat' dir='ltr'><strong>rire</strong></span> 
     </span>
     <span class='ocr_line' id='line_1_30' title="bbox 159 2909 1376 2994; baseline 0.002 -23"><span class='ocrx_word' id='word_1_282' title='bbox 159 2911 298 2985; x_wconf 80' lang='lat' dir='ltr'><strong>unicolor,</strong></span> <span class='ocrx_word' id='word_1_283' title='bbox 319 2913 376 2970; x_wconf 72' lang='lat' dir='ltr'><strong>rive</strong></span> <span class='ocrx_word' id='word_1_284' title='bbox 395 2909 530 2991; x_wconf 79' lang='grc' dir='ltr'><strong><em>διβολέος</em></strong></span> <span class='ocrx_word' id='word_1_285' title='bbox 543 2912 613 2970; x_wconf 74' lang='lat' dir='ltr'><strong>uita</strong></span> <span class='ocrx_word' id='word_1_286' title='bbox 628 2918 655 2971; x_wconf 80' lang='lat' dir='ltr'><strong>et</strong></span> <span class='ocrx_word' id='word_1_287' title='bbox 668 2913 782 2989; x_wconf 82' lang='lat' dir='ltr'><strong>bicolor,</strong></span> <span class='ocrx_word' id='word_1_288' title='bbox 804 2918 857 2971; x_wconf 78' lang='grc' dir='ltr'><strong><em>ιλιι</em></strong></span> <span class='ocrx_word' id='word_1_289' title='bbox 875 2910 1030 2994; x_wconf 81' lang='grc' dir='ltr'><strong><em>τριβολέον</em></strong></span> <span class='ocrx_word' id='word_1_290' title='bbox 1048 2912 1307 2975; x_wconf 69' lang='lat' dir='ltr'><strong>lalaetano-1²</strong></span> <span class='ocrx_word' id='word_1_291' title='bbox 1324 2924 1376 2975; x_wconf 63' lang='lat'><strong>200</strong></span> 
     </span>
     <span class='ocr_line' id='line_1_31' title="bbox 161 2988 1270 3079; baseline 0.005 -24"><span class='ocrx_word' id='word_1_292' title='bbox 161 2994 220 3069; x_wconf 63' lang='grc' dir='ltr'><strong><em>λον,</em></strong></span> <span class='ocrx_word' id='word_1_293' title='bbox 238 2999 295 3055; x_wconf 80' lang='lat' dir='ltr'><strong>cive</strong></span> <span class='ocrx_word' id='word_1_294' title='bbox 313 2988 480 3073; x_wconf 75' lang='grc' dir='ltr'><strong><em>πολύμιτον</em></strong></span> <span class='ocrx_word' id='word_1_295' title='bbox 501 2998 646 3056; x_wconf 75' lang='lat' dir='ltr'><strong>moltitiem</strong></span> <span class='ocrx_word' id='word_1_296' title='bbox 662 3004 742 3077; x_wconf 82' lang='lat' dir='ltr'><strong>atquc</strong></span> <span class='ocrx_word' id='word_1_297' title='bbox 765 2998 922 3060; x_wconf 79' lang='lat' dir='ltr'><strong>multicolor.</strong></span> <span class='ocrx_word' id='word_1_298' title='bbox 945 3004 1026 3075; x_wconf 80' lang='lat' dir='ltr'><strong>atque</strong></span> <span class='ocrx_word' id='word_1_299' title='bbox 1047 2991 1270 3079; x_wconf 71' lang='lat' dir='ltr'><strong>benedicitione</strong></span> 
     </span>
     <span class='ocr_line' id='line_1_32' title="bbox 160 3078 1267 3161; baseline 0.004 -20"><span class='ocrx_word' id='word_1_300' title='bbox 160 3081 273 3143; x_wconf 74' lang='lat' dir='ltr'><strong>textilis.</strong></span> <span class='ocrx_word' id='word_1_301' title='bbox 301 3081 371 3139; x_wconf 89' lang='lat' dir='ltr'><strong>haec</strong></span> <span class='ocrx_word' id='word_1_302' title='bbox 390 3081 442 3139; x_wconf 88' lang='lat' dir='ltr'><strong>ille.</strong></span> <span class='ocrx_word' id='word_1_303' title='bbox 464 3084 516 3140; x_wconf 89' lang='lat' dir='ltr'><strong>sed</strong></span> <span class='ocrx_word' id='word_1_304' title='bbox 542 3084 618 3139; x_wconf 89' lang='lat' dir='ltr'><strong>unde</strong></span> <span class='ocrx_word' id='word_1_305' title='bbox 638 3083 725 3142; x_wconf 86' lang='lat' dir='ltr'><strong>habet</strong></span> <span class='ocrx_word' id='word_1_306' title='bbox 743 3082 798 3141; x_wconf 85' lang='lat' dir='ltr'><strong>iste</strong></span> <span class='ocrx_word' id='word_1_307' title='bbox 818 3103 900 3142; x_wconf 84' lang='lat' dir='ltr'><strong>sumn</strong></span> <span class='ocrx_word' id='word_1_308' title='bbox 926 3082 1102 3160; x_wconf 81' lang='grc' dir='ltr'><strong><em>βολάτιονιι</em></strong></span> <span class='ocrx_word' id='word_1_309' title='bbox 1123 3078 1267 3161; x_wconf 66' lang='lat' dir='ltr'><strong>caterina</strong></span> 
     </span>
     <span class='ocr_line' id='line_1_33' title="bbox 161 3165 1267 3245; baseline 0.003 -21"><span class='ocrx_word' id='word_1_310' title='bbox 161 3186 196 3224; x_wconf 83' lang='lat' dir='ltr'><strong>ex</strong></span> <span class='ocrx_word' id='word_1_311' title='bbox 210 3184 267 3241; x_wconf 90' lang='lat' dir='ltr'><strong>quo</strong></span> <span class='ocrx_word' id='word_1_312' title='bbox 289 3165 446 3243; x_wconf 67' lang='lat' dir='ltr'><strong>scriptore?</strong></span> <span class='ocrx_word' id='word_1_313' title='bbox 474 3185 509 3224; x_wconf 84' lang='lat' dir='ltr'><strong>ex</strong></span> <span class='ocrx_word' id='word_1_314' title='bbox 525 3186 582 3242; x_wconf 90' lang='lat' dir='ltr'><strong>quo</strong></span> <span class='ocrx_word' id='word_1_315' title='bbox 600 3167 708 3227; x_wconf 66' lang='lat' dir='ltr'><strong>lexico?</strong></span> <span class='ocrx_word' id='word_1_316' title='bbox 732 3187 768 3227; x_wconf 85' lang='lat' dir='ltr'><strong>ex</strong></span> <span class='ocrx_word' id='word_1_317' title='bbox 788 3187 845 3244; x_wconf 89' lang='lat' dir='ltr'><strong>quo</strong></span> <span class='ocrx_word' id='word_1_318' title='bbox 865 3167 1024 3245; x_wconf 69' lang='lat' dir='ltr'><strong>glossario?</strong></span> <span class='ocrx_word' id='word_1_319' title='bbox 1051 3168 1140 3226; x_wconf 90' lang='lat' dir='ltr'><strong>multo</strong></span> <span class='ocrx_word' id='word_1_320' title='bbox 1163 3168 1267 3244; x_wconf 79' lang='lat' dir='ltr'><strong>proba-</strong></span> 
     </span>
     <span class='ocr_line' id='line_1_34' title="bbox 161 3250 1266 3329; baseline 0.002 -20"><span class='ocrx_word' id='word_1_321' title='bbox 161 3251 245 3309; x_wconf 86' lang='lat' dir='ltr'><strong>bilius</strong></span> <span class='ocrx_word' id='word_1_322' title='bbox 259 3252 360 3310; x_wconf 89' lang='lat' dir='ltr'><strong>dicitnr</strong></span> <span class='ocrx_word' id='word_1_323' title='bbox 370 3251 497 3309; x_wconf 84' lang='lat' dir='ltr'><strong>Graecos</strong></span> <span class='ocrx_word' id='word_1_324' title='bbox 515 3250 649 3311; x_wconf 88' lang='lat' dir='ltr'><strong>Latinam</strong></span> <span class='ocrx_word' id='word_1_325' title='bbox 664 3271 761 3311; x_wconf 88' lang='lat' dir='ltr'><strong>vocem</strong></span> <span class='ocrx_word' id='word_1_326' title='bbox 774 3253 942 3329; x_wconf 25' lang='lat' dir='ltr'><strong>blatteomnin</strong></span> <span class='ocrx_word' id='word_1_327' title='bbox 961 3270 1041 3311; x_wconf 87' lang='lat' dir='ltr'><strong>suam</strong></span> <span class='ocrx_word' id='word_1_328' title='bbox 1055 3253 1195 3310; x_wconf 88' lang='lat' dir='ltr'><strong>civitatem</strong></span> <span class='ocrx_word' id='word_1_329' title='bbox 1212 3254 1266 3311; x_wconf 93' lang='lat' dir='ltr'><strong>ad-</strong></span> 
     </span>
     <span class='ocr_line' id='line_1_35' title="bbox 160 3330 1266 3416; baseline 0.002 -21"><span class='ocrx_word' id='word_1_330' title='bbox 160 3337 288 3408; x_wconf 79' lang='lat' dir='ltr'><strong>scivisse3</strong></span> <span class='ocrx_word' id='word_1_331' title='bbox 310 3335 353 3394; x_wconf 92' lang='lat' dir='ltr'><strong>vel</strong></span> <span class='ocrx_word' id='word_1_332' title='bbox 369 3330 494 3415; x_wconf 79' lang='grc' dir='ltr'><strong><em>βλάτιον</em></strong></span> <span class='ocrx_word' id='word_1_333' title='bbox 506 3356 524 3396; x_wconf 89' lang='lat' dir='ltr'><strong>a</strong></span> <span class='ocrx_word' id='word_1_334' title='bbox 536 3334 634 3399; x_wconf 73' lang='lat' dir='ltr'><strong>niceri</strong></span> <span class='ocrx_word' id='word_1_335' title='bbox 646 3339 798 3415; x_wconf 85' lang='lat' dir='ltr'><strong>formasse,</strong></span> <span class='ocrx_word' id='word_1_336' title='bbox 822 3344 855 3395; x_wconf 90' lang='lat' dir='ltr'><strong>nt</strong></span> <span class='ocrx_word' id='word_1_337' title='bbox 867 3338 1005 3416; x_wconf 88' lang='lat' dir='ltr'><strong>significet</strong></span> <span class='ocrx_word' id='word_1_338' title='bbox 1029 3338 1162 3413; x_wconf 91' lang='lat' dir='ltr'><strong>quicquid</strong></span> <span class='ocrx_word' id='word_1_339' title='bbox 1176 3337 1266 3397; x_wconf 87' lang='lat' dir='ltr'><strong>latum</strong></span> 
     </span>
     <span class='ocr_line' id='line_1_36' title="bbox 160 3420 1266 3501; baseline 0.002 -21"><span class='ocrx_word' id='word_1_340' title='bbox 160 3428 192 3480; x_wconf 90' lang='lat' dir='ltr'><strong>et</strong></span> <span class='ocrx_word' id='word_1_341' title='bbox 203 3440 358 3499; x_wconf 81' lang='lat' dir='ltr'><strong>expansum</strong></span> <span class='ocrx_word' id='word_1_342' title='bbox 375 3427 428 3482; x_wconf 81' lang='lat' dir='ltr'><strong>eat</strong></span> <span class='ocrx_word' id='word_1_343' title='bbox 445 3420 511 3480; x_wconf 90' lang='lat' dir='ltr'><strong>hinc</strong></span> <span class='ocrx_word' id='word_1_344' title='bbox 523 3423 646 3482; x_wconf 80' lang='lat' dir='ltr'><strong>blattium</strong></span> <span class='ocrx_word' id='word_1_345' title='bbox 665 3424 741 3500; x_wconf 84' lang='lat' dir='ltr'><strong>auri,</strong></span> <span class='ocrx_word' id='word_1_346' title='bbox 761 3424 890 3500; x_wconf 82' lang='lat' dir='ltr'><strong>argenti,</strong></span> <span class='ocrx_word' id='word_1_347' title='bbox 911 3423 991 3501; x_wconf 86' lang='lat' dir='ltr'><strong>ferri,</strong></span> <span class='ocrx_word' id='word_1_348' title='bbox 1014 3423 1136 3482; x_wconf 89' lang='lat' dir='ltr'><strong>chartae.</strong></span> <span class='ocrx_word' id='word_1_349' title='bbox 1153 3441 1206 3481; x_wconf 90' lang='lat' dir='ltr'><strong>nec</strong></span> <span class='ocrx_word' id='word_1_350' title='bbox 1218 3430 1266 3482; x_wconf 87' lang='lat' dir='ltr'><strong>sat</strong></span> 
     </span>
     <span class='ocr_line' id='line_1_37' title="bbox 159 3506 1295 3588; baseline -0.002 -23"><span class='ocrx_word' id='word_1_351' title='bbox 159 3506 219 3565; x_wconf 81' lang='lat' dir='ltr'><strong>ecio</strong></span> <span class='ocrx_word' id='word_1_352' title='bbox 234 3526 271 3565; x_wconf 89' lang='lat' dir='ltr'><strong>an</strong></span> <span class='ocrx_word' id='word_1_353' title='bbox 288 3524 347 3564; x_wconf 89' lang='lat' dir='ltr'><strong>non</strong></span> <span class='ocrx_word' id='word_1_354' title='bbox 369 3506 424 3566; x_wconf 88' lang='lat' dir='ltr'><strong>hnc</strong></span> <span class='ocrx_word' id='word_1_355' title='bbox 443 3506 540 3567; x_wconf 87' lang='lat' dir='ltr'><strong>itidem</strong></span> <span class='ocrx_word' id='word_1_356' title='bbox 565 3508 651 3569; x_wconf 86' lang='lat' dir='ltr'><strong>faciat</strong></span> <span class='ocrx_word' id='word_1_357' title='bbox 666 3508 868 3588; x_wconf 13' lang='lat' dir='ltr'><strong>&#39;Germanicum</strong></span> <span class='ocrx_word' id='word_1_358' title='bbox 886 3508 970 3584; x_wconf 80' lang='lat' dir='ltr'><strong>blntt,</strong></span> <span class='ocrx_word' id='word_1_359' title='bbox 995 3524 1053 3585; x_wconf 92' lang='lat' dir='ltr'><strong>quo</strong></span> <span class='ocrx_word' id='word_1_360' title='bbox 1076 3507 1264 3586; x_wconf 78' lang='lat' dir='ltr'><strong>significamus</strong></span> <span class='ocrx_word' id='word_1_361' title='bbox 1293 3558 1295 3563; x_wconf 89' lang='lat'>.</span> 
     </span>
     <span class='ocr_line' id='line_1_38' title="bbox 160 3593 444 3654; baseline 0.011 -3"><span class='ocrx_word' id='word_1_362' title='bbox 160 3593 247 3651; x_wconf 81' lang='lat' dir='ltr'><strong>latum</strong></span> <span class='ocrx_word' id='word_1_363' title='bbox 258 3598 287 3651; x_wconf 89' lang='lat' dir='ltr'><strong>et</strong></span> <span class='ocrx_word' id='word_1_364' title='bbox 301 3598 444 3654; x_wconf 70' lang='lat' dir='ltr'><strong>aternam.</strong></span> 
     </span>
    </p>
   </div>
   <div class='ocr_carea' id='block_1_4' title="bbox 158 3688 1271 4244">
    <p class='ocr_par' dir='ltr' id='par_1_5' title="bbox 158 3688 1271 4244">
     <span class='ocr_line' id='line_1_39' title="bbox 212 3688 1265 3789; baseline 0.007 -31"><span class='ocrx_word' id='word_1_365' title='bbox 212 3700 362 3789; x_wconf 44' lang='lat' dir='ltr'><strong>&#39;diderror</strong></span> <span class='ocrx_word' id='word_1_366' title='bbox 378 3706 561 3775; x_wconf 68' lang='grc' dir='ltr'><strong><em>νοτιλςτίοοτι.</em></strong></span> <span class='ocrx_word' id='word_1_367' title='bbox 588 3704 811 3776; x_wconf 62' lang='lat' dir='ltr'><strong>tincturarum</strong></span> <span class='ocrx_word' id='word_1_368' title='bbox 834 3722 933 3779; x_wconf 79' lang='lat' dir='ltr'><strong>paunus</strong></span> <span class='ocrx_word' id='word_1_369' title='bbox 950 3688 1065 3789; x_wconf 75' lang='lat' dir='ltr'><strong>cerione,</strong></span> <span class='ocrx_word' id='word_1_370' title='bbox 1089 3706 1170 3762; x_wconf 76' lang='lat' dir='ltr'><strong>rectia</strong></span> <span class='ocrx_word' id='word_1_371' title='bbox 1193 3708 1265 3765; x_wconf 89' lang='lat' dir='ltr'><strong>bonr-</strong></span> 
     </span>
     <span class='ocr_line' id='line_1_40' title="bbox 160 3774 1265 3859; baseline 0.004 -31"><span class='ocrx_word' id='word_1_372' title='bbox 160 3776 256 3843; x_wconf 75' lang='lat' dir='ltr'><strong>bycura</strong></span> <span class='ocrx_word' id='word_1_373' title='bbox 278 3782 336 3841; x_wconf 80' lang='lat' dir='ltr'><strong>ert,</strong></span> <span class='ocrx_word' id='word_1_374' title='bbox 359 3775 513 3845; x_wconf 85' lang='lat' dir='ltr'><strong>quandoque</strong></span> <span class='ocrx_word' id='word_1_375' title='bbox 535 3776 611 3859; x_wconf 73' lang='lat' dir='ltr'><strong>plana</strong></span> <span class='ocrx_word' id='word_1_376' title='bbox 630 3792 756 3846; x_wconf 77' lang='lat' dir='ltr'><strong>meaque,</strong></span> <span class='ocrx_word' id='word_1_377' title='bbox 780 3791 957 3859; x_wconf 63' lang='lat' dir='ltr'><strong>nonuunquam</strong></span> <span class='ocrx_word' id='word_1_378' title='bbox 981 3774 1062 3831; x_wconf 80' lang='lat' dir='ltr'><strong>vania</strong></span> <span class='ocrx_word' id='word_1_379' title='bbox 1084 3775 1176 3847; x_wconf 75' lang='lat' dir='ltr'><strong>figuris</strong></span> <span class='ocrx_word' id='word_1_380' title='bbox 1200 3779 1265 3832; x_wconf 86' lang='lat' dir='ltr'><strong>deli-</strong></span> 
     </span>
     <span class='ocr_line' id='line_1_41' title="bbox 160 3846 1263 3935; baseline 0.004 -38"><span class='ocrx_word' id='word_1_381' title='bbox 160 3851 254 3927; x_wconf 77' lang='lat' dir='ltr'><strong>noata‚</strong></span> <span class='ocrx_word' id='word_1_382' title='bbox 289 3860 467 3927; x_wconf 70' lang='lat' dir='ltr'><strong>nonnunquam</strong></span> <span class='ocrx_word' id='word_1_383' title='bbox 499 3861 562 3928; x_wconf 70' lang='lat' dir='ltr'><strong>auro</strong></span> <span class='ocrx_word' id='word_1_384' title='bbox 595 3851 746 3928; x_wconf 71' lang='lat' dir='ltr'><strong>intertexta.</strong></span> <span class='ocrx_word' id='word_1_385' title='bbox 788 3846 828 3899; x_wconf 81' lang='lat' dir='ltr'><strong>hin</strong></span> <span class='ocrx_word' id='word_1_386' title='bbox 855 3846 919 3931; x_wconf 55' lang='lat' dir='ltr'><strong>logie</strong></span> <span class='ocrx_word' id='word_1_387' title='bbox 949 3862 1087 3927; x_wconf 55' lang='grc' dir='ltr'><strong><em>ιντο-τοο</em></strong></span> <span class='ocrx_word' id='word_1_388' title='bbox 1109 3848 1263 3935; x_wconf 71' lang='lat' dir='ltr'><strong>intelligitur</strong></span> 
     </span>
     <span class='ocr_line' id='line_1_42' title="bbox 161 3913 1265 4054; baseline 0.001 -18"><span class='ocrx_word' id='word_1_389' title='bbox 161 3913 1019 4053; x_wconf 48' lang='lat' dir='ltr'><strong>teitu,littra§subtentata„trinitati</strong></span> <span class='ocrx_word' id='word_1_390' title='bbox 1038 3913 1265 4054; x_wconf 56' lang='grc' dir='ltr'><strong>Ξλέἕῖλῗτλῖλ</strong></span> 
     </span>
     <span class='ocr_line' id='line_1_43' title="bbox 160 4048 1271 4135; baseline 0.003 -31"><span class='ocrx_word' id='word_1_391' title='bbox 160 4056 305 4135; x_wconf 31' lang='lat' dir='ltr'><strong>caturae&amp;</strong></span> <span class='ocrx_word' id='word_1_392' title='bbox 318 4050 343 4104; x_wconf 87' lang='lat' dir='ltr'><strong>id</strong></span> <span class='ocrx_word' id='word_1_393' title='bbox 361 4059 404 4104; x_wconf 84' lang='lat' dir='ltr'><strong>eet</strong></span> <span class='ocrx_word' id='word_1_394' title='bbox 419 4052 577 4121; x_wconf 71' lang='lat' dir='ltr'><strong>mbyciuor</strong></span> <span class='ocrx_word' id='word_1_395' title='bbox 594 4070 715 4123; x_wconf 68' lang='grc' dir='ltr'><strong><em>ροιιιιοις</em></strong></span> <span class='ocrx_word' id='word_1_396' title='bbox 738 4052 850 4106; x_wconf 80' lang='lat' dir='ltr'><strong>cedreni</strong></span> <span class='ocrx_word' id='word_1_397' title='bbox 866 4052 892 4106; x_wconf 89' lang='lat' dir='ltr'><strong>in</strong></span> <span class='ocrx_word' id='word_1_398' title='bbox 917 4052 1024 4106; x_wconf 85' lang='lat' dir='ltr'><strong>Tiberio</strong></span> <span class='ocrx_word' id='word_1_399' title='bbox 1047 4056 1144 4107; x_wconf 81' lang='lat' dir='ltr'><strong>tectior</strong></span> <span class='ocrx_word' id='word_1_400' title='bbox 1169 4048 1271 4115; x_wconf 71' lang='grc' dir='ltr'><strong><em>στολᾶς</em></strong></span> 
     </span>
     <span class='ocr_line' id='line_1_44' title="bbox 158 4114 1265 4244; baseline 0.002 -71"><span class='ocrx_word' id='word_1_401' title='bbox 158 4122 323 4187; x_wconf 78' lang='grc' dir='ltr'><strong><em>σωληνοιτας</em></strong></span> <span class='ocrx_word' id='word_1_402' title='bbox 339 4114 396 4175; x_wconf 82' lang='lat' dir='ltr'><strong>rimi</strong></span> <span class='ocrx_word' id='word_1_403' title='bbox 415 4121 547 4192; x_wconf 84' lang='grc' dir='ltr'><strong><em>βλαττίου</em></strong></span> <span class='ocrx_word' id='word_1_404' title='bbox 562 4124 593 4244; x_wconf 47' lang='grc' dir='ltr'><strong>ὅτ</strong></span> <span class='ocrx_word' id='word_1_405' title='bbox 608 4122 736 4191; x_wconf 78' lang='lat' dir='ltr'><strong>geminat)</strong></span> <span class='ocrx_word' id='word_1_406' title='bbox 758 4117 858 4190; x_wconf 74' lang='grc' dir='ltr'><strong><em>ὀξέως,</em></strong></span> <span class='ocrx_word' id='word_1_407' title='bbox 881 4128 963 4176; x_wconf 72' lang='lat' dir='ltr'><strong>ceder</strong></span> <span class='ocrx_word' id='word_1_408' title='bbox 990 4124 1181 4178; x_wconf 64' lang='lat' dir='ltr'><strong>tenticulum</strong></span> <span class='ocrx_word' id='word_1_409' title='bbox 1204 4125 1265 4177; x_wconf 82' lang='lat' dir='ltr'><strong>rio-</strong></span> 
     </span>
    </p>
   </div>
   <div class='ocr_carea' id='block_1_5' title="bbox 138 4186 1264 4407">
    <p class='ocr_par' dir='ltr' id='par_1_6' title="bbox 138 4186 1264 4407">
     <span class='ocr_line' id='line_1_45' title="bbox 138 4186 1264 4262; baseline 0.001 -20"><span class='ocrx_word' id='word_1_410' title='bbox 138 4191 234 4261; x_wconf 36' lang='grc' dir='ltr'><strong><em>,λοοτο</em></strong></span> <span class='ocrx_word' id='word_1_411' title='bbox 250 4190 332 4243; x_wconf 76' lang='lat' dir='ltr'><strong>rerico</strong></span> <span class='ocrx_word' id='word_1_412' title='bbox 349 4195 498 4259; x_wconf 54' lang='lat' dir='ltr'><strong>confectam</strong></span> <span class='ocrx_word' id='word_1_413' title='bbox 521 4192 561 4244; x_wconf 80' lang='lat' dir='ltr'><strong>co</strong></span> <span class='ocrx_word' id='word_1_414' title='bbox 578 4191 613 4244; x_wconf 87' lang='lat' dir='ltr'><strong>ini</strong></span> <span class='ocrx_word' id='word_1_415' title='bbox 638 4192 716 4262; x_wconf 88' lang='lat' dir='ltr'><strong>paulo</strong></span> <span class='ocrx_word' id='word_1_416' title='bbox 732 4190 843 4245; x_wconf 82' lang='lat' dir='ltr'><strong>interius</strong></span> <span class='ocrx_word' id='word_1_417' title='bbox 860 4186 897 4244; x_wconf 79' lang='grc' dir='ltr'><strong>τολ</strong></span> <span class='ocrx_word' id='word_1_418' title='bbox 914 4188 1047 4260; x_wconf 76' lang='grc' dir='ltr'><strong><em>συνήθως</em></strong></span> <span class='ocrx_word' id='word_1_419' title='bbox 1062 4187 1264 4261; x_wconf 75' lang='grc' dir='ltr'><strong><em>πολιτευόμενοι</em></strong></span> 
     </span>
     <span class='ocr_line' id='line_1_46' title="bbox 159 4258 1264 4331; baseline 0.001 -20"><span class='ocrx_word' id='word_1_420' title='bbox 159 4258 261 4329; x_wconf 81' lang='grc' dir='ltr'><strong><em>βλοτίοι</em></strong></span> <span class='ocrx_word' id='word_1_421' title='bbox 278 4258 425 4312; x_wconf 78' lang='lat' dir='ltr'><strong>scribentis:</strong></span> <span class='ocrx_word' id='word_1_422' title='bbox 442 4260 511 4314; x_wconf 85' lang='lat' dir='ltr'><strong>iuter</strong></span> <span class='ocrx_word' id='word_1_423' title='bbox 527 4267 662 4314; x_wconf 82' lang='lat' dir='ltr'><strong>consuetur</strong></span> <span class='ocrx_word' id='word_1_424' title='bbox 679 4266 763 4316; x_wconf 80' lang='lat' dir='ltr'><strong>antem</strong></span> <span class='ocrx_word' id='word_1_425' title='bbox 780 4261 902 4314; x_wconf 84' lang='lat' dir='ltr'><strong>multitioe</strong></span> <span class='ocrx_word' id='word_1_426' title='bbox 918 4260 961 4315; x_wconf 84' lang='lat' dir='ltr'><strong>vel</strong></span> <span class='ocrx_word' id='word_1_427' title='bbox 977 4267 1064 4314; x_wconf 74' lang='lat' dir='ltr'><strong>textor</strong></span> <span class='ocrx_word' id='word_1_428' title='bbox 1081 4278 1177 4331; x_wconf 82' lang='lat' dir='ltr'><strong>pannos</strong></span> <span class='ocrx_word' id='word_1_429' title='bbox 1188 4277 1264 4315; x_wconf 75' lang='lat' dir='ltr'><strong>rasos</strong></span> 
     </span>
     <span class='ocr_line' id='line_1_47' title="bbox 157 4327 1261 4407; baseline 0.004 -26"><span class='ocrx_word' id='word_1_430' title='bbox 157 4328 248 4399; x_wconf 72' lang='lat' dir='ltr'><strong>plures</strong></span> <span class='ocrx_word' id='word_1_431' title='bbox 263 4344 281 4387; x_wconf 83' lang='lat' dir='ltr'><strong>a</strong></span> <span class='ocrx_word' id='word_1_432' title='bbox 296 4327 386 4399; x_wconf 76' lang='lat' dir='ltr'><strong>figun‘r</strong></span> <span class='ocrx_word' id='word_1_433' title='bbox 401 4329 462 4385; x_wconf 83' lang='lat' dir='ltr'><strong>nudi</strong></span> <span class='ocrx_word' id='word_1_434' title='bbox 478 4329 675 4404; x_wconf 74' lang='lat' dir='ltr'><strong>conspiciuntrm.</strong></span> <span class='ocrx_word' id='word_1_435' title='bbox 709 4330 749 4387; x_wconf 77' lang='lat' dir='ltr'><strong>bic</strong></span> <span class='ocrx_word' id='word_1_436' title='bbox 764 4332 850 4390; x_wconf 61' lang='lat' dir='ltr'><strong>amen</strong></span> <span class='ocrx_word' id='word_1_437' title='bbox 866 4329 924 4386; x_wconf 78' lang='lat' dir='ltr'><strong>uiir</strong></span> <span class='ocrx_word' id='word_1_438' title='bbox 939 4347 957 4387; x_wconf 83' lang='lat' dir='ltr'><strong>e</strong></span> <span class='ocrx_word' id='word_1_439' title='bbox 972 4329 1067 4386; x_wconf 81' lang='lat' dir='ltr'><strong>Niceta</strong></span> <span class='ocrx_word' id='word_1_440' title='bbox 1083 4329 1261 4407; x_wconf 70' lang='lat' dir='ltr'><strong>scriptionum</strong></span> 
     </span>
    </p>
   </div>
   <div class='ocr_carea' id='block_1_6' title="bbox 0 0 1542 4867">
    <p class='ocr_par' dir='ltr' id='par_1_7' title="bbox 0 0 1542 4867">
     <span class='ocr_line' id='line_1_48' title="bbox 0 0 1542 4867; baseline 0 1"><span class='ocrx_word' id='word_1_441' title='bbox 0 0 1542 4867; x_wconf 95' lang='lat' dir='ltr'><strong> </strong></span> 
     </span>
    </p>
   </div>
  </div>
 </body>
</html>
