3075 4867
500 319 932 399 incommmuvm
1055 284 1058 290 ‘
1197 332 1271 403 sor
1353 320 1358 332 '

159 491 319 554 inmolator
331 489 517 553 casaubonus
530 491 618 553 insilit
637 490 758 554 Exercit'
782 497 822 557 13
844 494 873 554 iu
894 489 1099 554 celeberrimum
1118 491 1270 561 Annalium

160 581 348 659 scriptorem,
366 579 519 656 incinitque
533 580 618 638 etiam
632 585 699 637 ante
713 577 819 638 Christi
837 578 990 639 adventum
1012 578 1078 637 alibi
1098 582 1184 640 fuisse
1204 586 1268 644 fon-

160 672 207 724 tes
222 666 354 740 vinosos,
379 669 524 740 testesque
537 663 637 723 laudat
649 662 807 722 Vitruvium
821 663 940 723 Plinium
958 670 988 722 et
1006 662 1117 740 eclogas
1136 667 1269 730 Sotionis.

159 751 200 808 ad
221 749 294 825 quid
313 749 382 808 haec
395 749 454 808 nisi
468 750 506 807 ad
525 750 676 808 texendum
696 747 883 808 calumniam?
922 747 1062 807 Batonius
1077 769 1135 809 uon
1152 752 1220 811 dicit
1236 775 1269 814 se

159 852 220 893 non
234 834 397 892 meminisse
412 835 490 908 quod
502 833 602 910 legerit
625 833 712 890 ullum
731 840 874 893 auctorem
895 834 945 908 qui
967 834 1088 896 fontium
1110 836 1271 900 vinosorum

156 919 400 986 antechristum
420 917 588 978 meminerit:
618 919 671 976 sed
693 918 733 978 ait
753 938 786 977 se
812 937 871 980 uon
896 919 1054 977 meminisse
1077 922 1156 996 quod
1182 922 1270 984 ullum

157 1003 271 1064 Christi
286 1003 465 1062 nativitatem
477 1010 672 1082 antegressum
685 1002 802 1082 legerit,
823 1003 872 1077 qui
892 1002 964 1061 duos
982 1022 1071 1082 supra
1089 1022 1124 1063 ex
1141 1003 1270 1084 Epipha-

156 1089 206 1146 nio
230 1089 375 1146 adductos
399 1088 492 1146 fontes
514 1095 545 1147 et
564 1088 660 1149 Nilum
681 1089 797 1148 fluvium
822 1088 861 1148 in
877 1087 972 1145 vinum
994 1089 1146 1164 aliquando
1171 1111 1269 1151 versos

157 1191 224 1242 esse
242 1172 291 1231 vel
308 1173 380 1230 verti
403 1174 554 1254 scripserit
596 1179 626 1232 et
640 1172 695 1231 hoc
711 1172 796 1251 longe
811 1172 892 1230 aliter
909 1172 995 1230 tinnit
1013 1191 1098 1247 quam
1114 1177 1193 1249 quod
1212 1177 1270 1237 Ba-

155 1258 243 1320 tonio
263 1259 405 1337 impostor
422 1259 615 1317 fraudulenter
634 1259 762 1337 imponit
803 1258 857 1315 sed
876 1256 984 1316 absisto
1008 1257 1089 1335 hinc,
1119 1278 1156 1318 ne
1175 1267 1270 1323 actum

156 1362 264 1422 agaim
288 1343 345 1401 iam
361 1337 436 1400 enir‘n
451 1341 604 1404 Beronium
618 1345 654 1402 ab
667 1343 720 1402 hec
732 1348 763 1400 et
774 1341 869 1401 multis
883 1341 943 1399 aliis
956 1341 1193 1402 criminationibus
1212 1348 1270 1405 Ca-

154 1427 346 1488 saubonianis
377 1427 520 1506 praeclare
546 1428 698 1487 vindicavit
725 1433 824 1486 noster
846 1425 1014 1485 Heribertus
1046 1423 1212 1488 Rosweidus
1240 1432 1271 1494 in

156 1510 242 1592 Lege
264 1509 378 1572 talionis
400 1514 440 1574 12
455 1512 613 1572 tabularum
627 1513 677 1573 et
668 1533 699 1572 ιιι
712 1510 888 1592 huticapello
902 1531 963 1571 suo.

216 1631 377 1697 Fuerunt
391 1644 422 1696 et
439 1635 522 1714 alibi,
548 1638 602 1695 sed
626 1643 705 1697 extra
724 1637 891 1730 epiphaniae
906 1636 1030 1713 festum,
1062 1654 1158 1698 amnes
1178 1641 1271 1700 vinosi

157 1728 191 1781 et
212 1722 311 1782 fontes
331 1722 421 1780 lactei.
463 1721 608 1798 Sylvester
631 1722 794 1782 Giraldus
786 1742 816 1780 m
820 1707 984 1780 itinerario
1005 1722 1155 1782 Cambriae
1181 1730 1203 1788 2
1232 1732 1269 1789 1.

158 1807 211 1866 hoc
231 1808 301 1866 mili
315 1807 431 1866 notabile
450 1808 554 1865 uidetur
570 1808 641 1886 quod
657 1811 754 1866 nostres
768 1807 859 1866 diebos
880 1813 936 1865 tam
957 1809 1071 1880 flumem
1090 1809 1161 1869 bunc
1184 1808 1270 1889 (Alu-
1347 1804 1351 1810 ⁵
1464 1837 1468 1844 ·

19 1961 20 1968 ἵ
157 1889 245 1970 num)
268 1894 331 1950 uino
356 1908 465 1950 manase
488 1909 567 1968 ᾳιιιιι
578 1891 697 1968 sontem,
719 1911 795 1970 quem
810 1883 1004 1966 Petiturus,
1028 1894 1155 1972 fistulam
1175 1895 1271 1957 Dauid

19 2039 20 2046 χ
112 2019 116 2028 ,
159 1981 284 2053 vocant,
305 1975 350 2034 loc
365 1975 469 2036 stillare
485 1981 642 2054 compertum
658 1981 707 2034 est.
782 2011 786 2018 ·

250 2097 399 2158 Addamus
422 2103 451 2159 et
471 2098 539 2178 hoc,
571 2118 674 2175 aquam
697 2097 846 2176 Iordanis,
871 2104 1025 2177 postquam
1049 2117 1113 2158 eam
1138 2099 1270 2162 Christum

160 2190 299 2245 contactu
319 2192 349 2244 et
373 2185 514 2262 baptismo
532 2203 586 2242 suo
605 2185 793 2260 consecravit,
821 2184 1037 2263 incorruptionis
1049 2203 1163 2243 munere
1178 2187 1269 2246 dona-

160 2276 224 2330 tarn
248 2287 319 2328 esse.
359 2269 497 2328 illustriss.
520 2269 650 2348 princeps
669 2268 803 2327 Nicolaus
817 2267 1040 2346 christophorus
1060 2267 1223 2328 Radzivilus
1237 2273 1268 2331 in

159 2375 216 2416 suo
239 2354 439 2435 Hodoeporieo
461 2352 731 2432 Hierosolymitano:
762 2371 863 2432 equum
886 2353 965 2412 oolde
987 2353 1122 2418 turbidam
1140 2354 1269 2416 ludonis

161 2441 261 2515 babet,
293 2441 339 2500 sed
362 2440 506 2514 rulubon,
536 2459 604 2518 quac
627 2441 656 2498 io
678 2457 743 2498 voss
768 2445 907 2498 cosmato
930 2457 1066 2515 nusquam
1082 2445 1265 2517 concupimus

157 2531 244 2606 prout
264 2527 294 2584 ia
320 2544 352 2584 eo
370 2543 449 2624 pam
472 2525 557 2586 attuli
576 2541 675 2586 ιιιιιιιιι
692 2521 873 2586 cirdubttoutcr
890 2541 948 2583 sum
965 2528 1094 2603 expertus.
1135 2523 1230 2585 haee
1222 2545 1266 2585 ur-

159 2609 259 2686 clytus
277 2608 324 2668 ille
339 2611 477 2691 princeps.
967 2653 974 2666 .

251 2735 326 2796 Illud
338 2737 461 2813 denique
476 2735 593 2814 dignum
606 2751 707 2794 censeo
722 2733 801 2810 quod
813 2732 995 2812 observetur,
1015 2732 1181 2796 Donatistss
1199 2734 1266 2794 olim

159 2821 192 2880 in
209 2817 310 2880 Africa
327 2822 494 2901 epiphaniae
512 2823 617 2878 festum
636 2837 694 2878 non
714 2818 887 2897 celebrasse,
904 2827 938 2879 ut
950 2826 1072 2880 testatur
1086 2821 1116 2880 S.
1129 2821 1268 2898 Augusti-

162 2923 218 2966 nus
242 2907 332 2966 Serm.
353 2911 395 2972 82
416 2908 452 2965 de
473 2905 616 2986 Tempore
637 2904 681 2962 his
701 2904 811 2962 verbis:
838 2908 931 2963 merito
949 2909 1031 2965 istum
1052 2905 1122 2965 diem
1133 2925 1268 2985 nunquam

161 2991 299 3052 nobiscum
323 2992 450 3052 haeretiei
472 2988 632 3050 Donatistae
652 2989 781 3048 celebrare
799 2987 956 3065 summat,
988 2993 1053 3068 quic
1073 3011 1121 3050 nee
1137 2996 1268 3050 unitatem

163 3081 278 3150 mant,
299 3095 347 3134 nec
364 3076 501 3136 Orientali
515 3075 656 3148 ecclcsiae,
674 3075 723 3133 ubi
736 3077 865 3150 opposuit
881 3075 935 3134 illu
949 3075 1044 3149 stello,
1062 3079 1267 3135 communicant:
1285 3081 1306 3137 l’
1321 3079 1374 3137 2³0

164 3178 214 3217 sos
239 3164 327 3218 ιιιιιιι
350 3159 588 3238 mchestotioroem
615 3159 717 3218 domitu·
739 3163 765 3216 ct
789 3159 938 3225 salomnis
958 3163 1045 3218 nestri
1068 3157 1131 3218 Iesu
1159 3159 1269 3233 Christi,

166 3247 235 3323 quio
247 3247 385 3322 primibus
403 3249 523 3320 gentium
539 3244 687 3318 delibavit,
709 3245 739 3302 io
755 3245 863 3302 amicte
877 3244 997 3320 gestium
1014 3242 1181 3308 celebramus.

239 3369 385 3454 p..66v1.
403 3367 469 3426 bot
485 3365 586 3456 pescle
570 3369 812 3456 τίλειτοιιςγίαν
829 3365 976 3454 simonie]
915 3373 1093 3508 Juqusm
1111 3371 1205 3425 iterabo
1221 3373 1271 3425 be·

166 3389 265 3494 nedicrt
281 3440 388 3493 ecclesie
407 3441 537 3495 Graece
528 3459 555 3494 ιιι
607 3441 770 3524 heophcniis,
761 3439 1016 3577 ,senelpflervrgih
1007 3439 1170 3523 impera,
1192 3454 1221 3494 et
1242 3441 1271 3494 iu
1352 3480 1362 3505 ,.

166 3511 246 3564 misso
263 3509 384 3568 secundo.
403 3511 539 3564 secundam
557 3510 772 3566 consecrationem
858 3508 879 3560 t
932 3525 963 3560 ec
980 3507 1068 3561 dictio.
1095 3525 1179 3578 aquae
1194 3509 1270 3564 istius

165 3578 361 3632 benedicendae
376 3579 452 3632 ritum
468 3580 574 3633 exhibet
590 3578 776 3647 Euchologium
792 3578 841 3632 sub
794 3515 907 3629 hoc
927 3576 1016 3630 titulos
1041 3572 1203 3636 ἀκολουθία
1218 3580 1271 3632 τοῦ

165 3641 323 3730 μεγάλου
307 3649 445 3717 αγιιισμοῦ
458 3650 513 3702 τῶν
532 3644 633 3716 ἁγίων
638 3646 824 3730 beccensium
851 3644 931 3698 officii
953 3646 1099 3730 rituumque
1097 3647 1270 3732 interpretu-

167 3716 264 3769 tionem
281 3717 519 3800 quantuluscunque
534 3717 608 3770 labor
630 3722 719 3770 noster
741 3715 848 3768 ediscit·
872 3715 1049 3768 ecclesiasticis
1069 3713 1107 3768 ibi
1125 3716 1271 3784 elucidatis,

167 3790 225 3839 edm
243 3785 343 3840 coum
359 3785 490 3839 succincte
504 3785 644 3848 disserente
662 3784 746 3839 culice
761 3800 838 3853 quam
853 3783 970 3838 breviter
983 3783 1170 3854 prosequimur.

238 3897 308 3950 ibv
308 3895 362 3951 .6.
379 3891 499 3966 λαμπάς]
515 3896 548 3950 de
563 3893 698 3950 luminibus
714 3911 788 3948 sacro
804 3895 861 3948 sois
877 3889 979 3961 poison
995 3892 1037 3947 die
1053 3893 1080 3946 ln
1097 3894 1206 3948 ecclesis
1221 3911 1269 3948 ec-

170 3966 254 4020 oensis
266 3965 398 4048 superflue
409 3972 504 4019 namet
513 3966 556 4018 hic
567 3965 724 4021 scholiastes.
737 3965 847 4018 adverto
856 3962 1015 4017 nihilomiuus
1024 3960 1169 4032 λαμπάδος
1178 3979 1270 4018 nomen

170 4033 336 4100 solennitati,
354 4034 387 4087 de
403 4051 455 4120 qna
470 4033 610 4118 loquimus,
631 4033 695 4087 adeo
718 4047 766 4104 pro
807 4049 848 4086 um
870 4032 995 4086 redditum
1013 4038 1042 4086 ut
1064 4034 1132 4086 cerei
1147 4033 1195 4085 hoc
1211 4032 1268 4086 solo

170 4101 212 4154 die
228 4105 331 4157 accensi
346 4103 435 4156 illud
427 4121 477 4158 rem
501 4103 550 4157 sibi
567 4103 697 4156 vindicent
712 4119 762 4172 spu
803 4102 915 4170 vulgus3
939 4101 1004 4154 elius
1021 4099 1249 4187 quandocunque
1240 4115 1269 4153 sn

169 4171 378 4303 lbi-”Qvi
388 4171 824 4296 ttt⁰ttlfltttl⁰²u⁰23lnttf
837 4138 1269 4322 &distulisent

169 4313 227 4364 tete
243 4308 381 4367 adornetur
397 4317 427 4366 ut
441 4311 507 4370 iuter
522 4311 636 4384 reliquos
650 4327 741 4369 cerem
756 4257 905 4381 maheru
921 4307 1052 4366 verissime
1067 4305 1194 4364 videatur.
1209 4307 1270 4362 hinc
