3075 4867
385 342 442 408 on
467 341 646 409 ornans
670 343 731 411 en
757 294 843 412 can.
869 343 966 410 νοω
990 345 1105 415 nnn.
1224 341 1295 418 ιον

194 513 260 598 ἦτοι
274 514 363 601 μέχρι
381 513 431 609 καί
445 519 506 580 τῶν
522 516 742 600 νενομισμένων
757 513 971 596 έννόδων,·καλ
981 517 1059 601 μετὰ
1072 524 1163 584 τοῦτο
1178 515 1296 607 ίρχεται

195 618 302 706 νυκτὸς
313 621 364 682 καλ
378 627 544 704 προσκυνεῖ
554 619 608 683 τόν
622 620 752 701 βασιλέα
764 625 998 702 μελανειμονῶν,
1027 623 1080 686 καὶ
1097 620 1198 690 ίκτοτε
1212 623 1297 697 ἐκτός
1312 631 1334 684 Ρ
1353 627 1403 685 144

195 721 251 806 μέν
267 715 461 804 ἐνδεδυμένος
482 723 544 786 ἐστὶ
563 721 697 804 μέλανα,
728 719 782 786 τόν
801 723 836 788 δὲ
853 723 983 805 βασιλέα
1005 731 1184 808 προσκυνῶν
1207 735 1301 812 φορεῖ

195 821 344 910 ἦερόνεα·
380 824 532 912 οὐδὲγὰρ
556 825 749 910 ἐνδεδυμένον
774 825 837 892 ἐστὶ
860 831 1084 911 μελανειμονῶν
1107 829 1140 893 ἓν
1165 834 1210 917 τῷ
1233 853 1295 894 πα-

170 928 298 1018 όλατίιρ.

490 1069 1019 1172 Κεφόιλαιοναβῖ,
1313 1102 1338 1156 Β

509 1272 512 1278 λ
523 1192 594 1262 Περὶ
603 1188 799 1263 μελλονόμφης
809 1191 967 1262 δεσποίνης.

299 1301 373 1390 Χρὴ
393 1303 549 1370 καὶτοῦτο
569 1303 733 1392 γινώσκειν,
760 1302 806 1370 ὅτι
821 1306 981 1397 δεσποίνης
994 1299 1118 1391 νόμφης
1136 1301 1299 1389 ἓρχομίνης
1385 1370 1392 1382 ,

194 1403 315 1482 έξωθεν
335 1404 355 1488 ἢ
377 1405 430 1470 διὰ
452 1411 547 1494 ξηρᾶς
565 1407 590 1492 ἢ
602 1408 653 1474 διὰ
670 1405 848 1490 θαλάσσης,
873 1406 951 1472 κατὰ
965 1406 1020 1491 τὴν
1033 1403 1150 1492 ἡμέραν
1166 1406 1244 1469 καθ’
1260 1405 1299 1488 ἣν

153 1507 300 1590 1ομίλλει
320 1509 521 1594 ἀποσωθῆναι
547 1514 589 1588 είς
608 1512 664 1594 τὴν
686 1507 774 1576 πόλιν
787 1511 974 1595 ἐγνωσμένην
991 1501 1085 1574 οὖσαν
1100 1510 1300 1597 προσυλαντᾷ

195 1609 312 1694 τοότην
324 1607 340 1674 δ
353 1613 497 1692 βασιλεὺς
510 1610 654 1700 καίοίνηρ
668 1613 763 1698 αὐτῆς
776 1610 793 1680 δ
806 1610 975 1700 νεόνυμφος
988 1599 1067 1695 μετὰ
1080 1620 1136 1676 τοῦ
1146 1612 1298 1695 βασιλίιος

157 1797 160 1802 Ι
197 1717 250 1780 καὶ
266 1713 381 1800 πατρὸς
397 1715 510 1795 sisoi,
536 1720 563 1782 εἲ
578 1718 742 1804 περίεστιν·
771 1718 797 1780 εί
813 1716 845 1780 δ’
863 1709 927 1795 οὗν,
946 1712 1152 1796 αὗτδςμόνος.
1204 1717 1255 1810 καὶ
1270 1716 1336 1778 n’c

198 1817 254 1899 μέν
269 1817 321 1882 διδ
337 1822 432 1902 ξηρᾶς
445 1818 564 1904 ίρχεται
571 1867 582 1900 ,
615 1815 747 1900 πεζεύειν
763 1817 858 1902 αὐτὴν
874 1819 1007 1884 riorum
1026 1821 1094 1904 περὶ
1109 1818 1166 1900 τὴν
1178 1815 1299 1902 Πημήν,

200 1922 227 1985 εἳ
248 1920 282 1984 δὲ
300 1920 377 2003 μετὰ
399 1927 541 2006 τριηρῶν,
572 1924 700 2006 πλησίον
718 1926 775 1986 τοῦ
793 1926 869 1986 νυοῦ
888 1928 950 1987 τῶν
965 1925 1149 2006 Βλαχερνῶν
1172 1920 1232 1997 έξω
1248 1925 1303 2003 τῆς

156 2019 335 2102 15πόλεως,
360 2019 437 2087 ὅπου
451 2022 496 2118 Ιόν
517 2020 603 2108 τόχοι
625 2021 700 2090 εἶναι
722 2021 898 2104 ἐπιτήδειον.
949 2021 1302 2110 προκαταλαμβάνουσαν

199 2127 301 2191 τοίνυν
314 2125 371 2208 τὴν
383 2127 561 2213 καταγωγὴν
580 2125 600 2211 ἢ
621 2130 757 2194 ἐνταῦθα
778 2125 801 2208 ἢ
821 2127 931 2192 ἐκεῖνό
944 2132 1005 2190 τῶν
1023 2127 1235 2207 ἀξιωματικῶν
1250 2126 1301 2189 καὶ

201 2217 407 2314 σνηκληταῶν
428 2234 479 2294 καὶ
499 2237 559 2296 τῶν
582 2235 695 2295 λοιπῶν
716 2225 872 2316 ἀρχόντων
884 2239 1022 2314 γυναῖκες
1035 2229 1068 2294 αἳ
1084 2230 1237 2314 κρείττους
1250 2229 1302 2292 καὶ

178 2419 180 2428 Ι
201 2331 403 2416 εὐγενέστεροι
416 2330 615 2417 ὑποδέχονται
630 2333 686 2416 τὴν
701 2333 862 2398 δέσποιναν
875 2334 925 2417 καὶ
941 2328 1111 2418 νεόνυμφον
1126 2332 1300 2414 ἐρχομένην,
1317 2346 1342 2398 Ι)

202 2431 481 2524 φιλοφρονοόμεναι
501 2441 666 2517 βασιλικῶς
682 2434 842 2518 αὐτὴνκαὶ
856 2430 1103 2521 θεραπεύουσαι,
1127 2459 1304 2519 προσαπαν-

159 2534 386 2606 Ξῡτῶντωνκαλ
399 2545 461 2604 τῶν
472 2539 632 2620 βασιλέων,
658 2536 680 2622 ἢ
696 2539 747 2602 καὶ
761 2537 945 2624 ἀμφοτέρων
958 2533 980 2620 ἢ
995 2542 1051 2603 τοῦ
1063 2534 1235 2621 νεονόμφου
1251 2539 1303 2601 καὶ

145 2636 151 2647 '
204 2637 311 2722 μόνον,
341 2637 378 2703 tv
390 2641 435 2726 μὴ
450 2644 502 2706 καὶ
516 2641 616 2728 πατὴρ
630 2633 669 2732 ᾗ,
695 2639 838 2731 καθάπερ
855 2638 981 2728 εἴρηται.
1033 2641 1060 2704 εί
1080 2640 1137 2721 μέν
1156 2633 1209 2705 σόν
1225 2639 1304 2723 μετὰ

274 2787 307 2840 14
322 2781 498 2854 κατ’ίρηωνΑ
602 2787 635 2839 16
651 2781 700 2853 αλ]
716 2781 764 2838 καλ
783 2782 806 2837 P

202 2905 297 2959 diebus
313 2903 395 2957 lootui
410 2902 558 2974 destinatis,
576 2901 701 2956 videlicet
717 2920 802 2972 usqne
817 2892 852 2957 ad
865 2919 962 2958 nonum
977 2901 1056 2968 diem,
1073 2910 1104 2955 s'e
1119 2902 1248 2954 eontinet.
1275 2908 1304 2954 et

203 2983 297 3046 postea
313 2981 392 3026 noctu
408 2974 494 3040 venit,
517 2972 676 3040 indutusque
696 2972 780 3040 nigris
801 2974 919 3028 vestibus
937 2972 1121 3042 imperatorem
1138 2972 1240 3025 adorat.
1274 2977 1302 3022 et

204 3047 238 3098 ab
256 3044 306 3096 hoo
323 3050 441 3110 tenpore
457 3049 531 3094 extra
547 3040 672 3109 palatium
689 3040 808 3094 induitur
821 3040 986 3094 vestimentis
1001 3040 1094 3108 nigris,
1111 3057 1168 3093 enm
1185 3056 1250 3091 vero
1268 3040 1303 3092 ed

204 3109 386 3183 imperatorem
404 3111 580 3162 venerandum
597 3109 732 3179 procedit,
757 3117 847 3181 portat
870 3109 971 3166 eaesis:
995 3126 1082 3180 neque
1106 3111 1174 3163 eninr
1195 3109 1237 3162 fas
1261 3114 1303 3161 est

185 3245 192 3262 ἢ
206 3181 296 3252 nigras
312 3188 400 3234 vestes
414 3179 442 3232 in
458 3179 557 3250 palatio
573 3179 656 3233 ferre.

619 3315 643 3380 G
664 3339 681 3379 a
702 3337 721 3400 p
742 3339 760 3378 ιι
780 3326 792 3378 t
839 3294 890 3383 22.

497 3417 536 3470 De
557 3420 653 3485 ,toturn
677 3433 772 3486 sponso
794 3421 821 3470 et
842 3415 1016 3485 imperatrice.

276 3521 392 3590 Oportet
407 3523 435 3572 et
451 3518 502 3573 hoo
518 3520 597 3574 scire.
632 3519 735 3572 domina
759 3533 857 3587 sponsa
872 3535 986 3589 peregre
1002 3515 1160 3570 adveniente
1175 3514 1218 3569 rel
1235 3520 1309 3570 terra

207 3590 252 3645 vel
268 3589 350 3657 mari,
374 3589 422 3642 ubi
444 3588 501 3642 dies
520 3589 566 3642 ille
590 3605 642 3657 quo
667 3587 809 3672 appulsura
833 3595 861 3641 et
882 3591 973 3641 urbem
990 3587 1110 3655 ingressa
1126 3593 1167 3639 est
1184 3584 1307 3653 innotuit,

208 3659 322 3714 occurrit
340 3659 366 3711 ei
378 3659 522 3726 imperator
536 3659 645 3712 meritus
663 3675 728 3722 erus,
746 3673 830 3709 novos
844 3674 965 3727 sponsos,
984 3674 1041 3708 eom
1057 3656 1216 3725 imperatore
1231 3663 1308 3724 patre

208 3746 266 3796 sno,
283 3729 306 3781 si
323 3726 359 3779 sit
373 3733 520 3796 superstesr
538 3727 580 3780 sin
597 3729 697 3794 minus,
714 3725 773 3795 ipse
790 3725 870 3778 solos.
906 3726 1070 3794 etquidem,
1096 3725 1120 3777 si
1137 3732 1209 3777 terra
1226 3726 1310 3777 adve-

209 3798 282 3864 niat,
306 3796 496 3850 consuetudine
512 3796 647 3864 receptum
666 3803 708 3848 est
724 3803 754 3848 ut
771 3795 886 3863 appellat
902 3795 936 3847 ad
953 3794 1037 3847 locum
1053 3811 1129 3862 qoem
1147 3793 1180 3844 ad
1196 3794 1310 3846 Fontem

209 3867 352 3920 nominant.
388 3865 430 3918 sin
447 3865 475 3917 in
491 3864 651 3933 triremibus,
676 3871 739 3918 tnnc
757 3864 893 3917 asscendit
909 3871 993 3933 prope
1010 3862 1131 3933 templum
1148 3863 1310 3915 Blacherna-

187 3952 267 3992 ,νοω
292 3942 367 3988 extro
388 3933 537 4001 civitatem,
563 3934 609 3986 ubi
633 3934 793 3986 commodum
815 3933 907 3985 suerit.
942 3939 1135 4002 praeoccupato
1152 3931 1235 4000 igitur
1252 3932 1311 3985 sive

210 4003 253 4057 hic
271 4003 330 4057 sive
346 4001 400 4056 illic
416 4003 574 4070 diversorio,
591 4019 680 4055 eorum
697 4002 742 4071 qui
760 4001 787 4053 in
804 4017 926 4069 suprema
941 4002 1070 4069 dignitate
1087 4006 1162 4067 sunt,
1189 4008 1216 4053 et
1231 4017 1310 4052 sena-

210 4081 295 4126 torum
313 4080 341 4126 et
355 4071 514 4140 reliquorum
533 4070 679 4142 principum
696 4087 792 4124 uxores
809 4071 1015 4153 praestantiores
1031 4076 1059 4122 et
1075 4068 1218 4122 nobiliores
1234 4067 1307 4123 exci-

210 4140 287 4213 piunt
300 4141 429 4195 dominam
447 4147 474 4194 et
490 4157 582 4193 novern
599 4155 734 4210 sponsam,
760 4156 835 4206 regne
857 4138 926 4191 illam
944 4146 972 4193 et
989 4137 1059 4191 ononi
1074 4136 1242 4192 humanitatis
1258 4155 1306 4205 ge-

211 4228 274 4265 nere
293 4216 482 4281 prosequentes
500 4215 580 4278 atque
597 4210 763 4275 honorantes,
782 4207 981 4261 occurrentibus
999 4208 1078 4260 etism
1095 4205 1308 4276 imperatoribus,

209 4278 252 4332 vol
269 4286 380 4350 utroque
396 4278 440 4331 vel
457 4296 526 4331 novo
543 4294 640 4360 sponso
658 4275 727 4344 solo,
745 4277 769 4333 si
787 4286 864 4348 pater
879 4294 932 4330 non
948 4283 1078 4348 superest,
1095 4281 1174 4343 prout
1190 4275 1306 4343 expliea-

210 4356 264 4403 tum
281 4355 332 4404 est.
368 4347 392 4402 si
406 4364 471 4418 ergo
488 4347 517 4401 in
533 4346 635 4402 trlremi
651 4346 755 4418 veniat,
780 4346 876 4402 obvios
894 4346 926 4401 tit
941 4345 981 4399 illi
997 4345 1070 4401 eirea
1085 4360 1171 4398 arcem
1188 4344 1222 4398 ad
1243 4361 1306 4415 por·
1351 4403 1357 4422 ἱ
