3075 4867
503 286 554 355 ut
564 286 717 355 comni
733 284 820 355 GAP.
835 285 912 354 ΧΠ
1189 286 1264 357 did

164 460 173 481 ’”
227 444 264 507 ὓ.
281 447 310 507 ta'
323 448 374 505 12·
388 446 439 533 τῆρ’
457 441 613 519 ἃρροίινίας
633 442 806 516 dtoinodta]
829 447 951 518 voluptas
964 444 1060 519 quana
1076 446 1263 518 quantamlibet

158 515 279 571 etudioaa
297 516 323 571 in
343 516 454 585 vigilite,
472 535 536 587 quaa
552 516 725 585 παννυχίδας
741 524 850 582 vocant,
875 517 959 571 luxum
984 516 1099 588 quaerit,
1120 518 1154 571 de
1169 517 1264 589 quibua

106 640 109 645 ,
158 586 334 641 Simocatta8
361 586 408 641 132
434 581 555 673 odvpiten
575 586 644 655 γοῦν
670 590 730 648 τοῖς
750 580 890 657 ἐγχωρίοις
914 579 961 640 ἐπὶ
983 590 1044 649 τοῖς
1059 580 1263 654 λείοχενμένοιρ

157 655 288 717 παιδίοις
306 646 460 727 ἕβδομοίαν
477 672 576 723 αγονσι
600 648 653 724 τὴν
669 649 777 721 ἡμέραν
801 656 960 725 συμποσίων
982 646 1094 719 ἑορταῖς
1114 672 1261 710 ααταπαν-

156 723 328 791 ννχίζεσθαι.
347 724 490 776 dilectionis
506 724 602 793 pariter
620 725 878 795 fervur'asperitntia
896 738 1000 789 mana,
1019 723 1047 774 in
1067 722 1164 775 Cbriati
1178 733 1264 778 morte

157 793 299 875 prqtraatia
317 810 364 864 per
380 793 447 847 diem
466 790 581 875 ieiuniip‚
600 792 776 875 noctie‘omue
797 793 904 879 spatium
929 792 1044 845 insomne
1067 791 1170 874 molitur
1187 792 1265 846 etiam

157 870 382 994 bilbili?
395 860 1264 1000 diii.tillttss..ttlt”ti⁶tt.:⁸.⁰it..”tl..tntilli

158 994 298 1053 eelebrent.
315 998 493 1055 commendant
508 998 534 1050 in
551 998 696 1071 praecipuit
714 998 812 1051 Christi
828 998 921 1052 domini
940 1003 969 1051 et
1010 996 1112 1119 eiqarae
1128 997 1202 1051 seatio
1217 1016 1264 1051 eo-

159 1065 304 1119 eleain'atlea
320 1068 424 1136 officia,
443 1066 486 1119 ubi
509 1066 706 1136 frequentiorem
730 1068 830 1139 plebem
854 1068 887 1121 ad
913 1065 1033 1121 noueinen
1052 1081 1083 1119 aa
1105 1063 1146 1119 dei
1173 1066 1262 1119 laudea

157 1141 311 1219 eonvocqnt.
333 1137 397 1189 haee
416 1132 646 1221 'veroniyonnm'n
668 1136 854 1219 τῶνιαοαθοίν
876 1136 943 1191 adeo
965 1135 1051 1218 quita,
1075 1142 1104 1189 ut
1120 1131 1193 1217 κατὰ
1209 1132 1262 1188 τόν

156 1205 835 1345 ‘utilitatibusbitett‘tlibllib
848 1202 1051 1329 bibiti?
1059 1216 1263 1342 bilibit?

156 1288 218 1393 latia
235 1346 332 1395 tractu
348 1340 455 1401 Allatiua
472 1340 505 1393 de
521 1340 565 1393 lib.
599 1342 701 1399 Ecclea.
721 1344 824 1397 Graeco
845 1342 1027 1396 dissertatione
1045 1346 1068 1399 1.

238 1413 278 1471 ab.
302 1432 328 1470 r.
352 1414 400 1477 13.
436 1412 583 1473 duodecim
601 1416 657 1473 ista
677 1414 821 1495 evangelia
843 1421 924 1473 eraut
950 1420 1046 1493 partes
1069 1432 1103 1471 ex
1123 1417 1262 1489 quattuor

157 1494 336 1574 evangelistis
355 1498 536 1577 desumptae,
562 1502 595 1556 ut
612 1499 728 1579 planum
751 1500 785 1561 ut
805 1518 841 1559 ex
862 1499 1034 1559 Graecorum
1056 1498 1192 1576 Triodio,
1210 1498 1262 1557 nbi

157 1582 304 1640 duodecim
317 1582 373 1641 ista
386 1583 531 1661 evangelia
545 1582 643 1644 ordine
665 1591 879 1667 enumerantur,
906 1585 1040 1644 adiuncto
1060 1584 1261 1660 evarqebstae,
1336 1570 1354 1650 J
1371 1585 1373 1589 ’

157 1685 193 1725 ex
211 1685 268 1742 quo
284 1666 430 1742 quodlibet
448 1672 627 1746 desumptum
648 1674 709 1748 est,
736 1671 857 1730 nomine.
896 1669 995 1745 itaque
1015 1668 1084 1728 nihil
1102 1668 1172 1727 lraec
1186 1671 1259 1727 duo-

157 1751 248 1809 decim
267 1750 473 1829 evangeliorum
490 1751 573 1813 lectio
595 1756 633 1813 ad
657 1754 733 1814 illam
756 1762 893 1832 quattuor
909 1751 1115 1833 evangeliorum
1132 1773 1183 1812 seu
1200 1756 1260 1815 roni

156 1837 432 1916 τετραεοαγγελίου,
449 1844 482 1897 ut
496 1858 530 1897 ex
544 1839 626 1898 dictis
639 1841 819 1919 perspicuum
831 1840 1003 1919 relinquitur.
1045 1839 1147 1899 falsum
1162 1844 1258 1896 autem

155 1925 203 1979 est
221 1920 367 1979 duodecim
380 1920 450 1982 haec
462 1922 606 2000 evangelia
621 1930 722 1999 quater
735 1927 765 1982 in
778 1944 852 1985 anno
865 1925 938 1983 lecta
950 1942 1022 2001 esse,
1037 1930 1069 1983 ut
1083 1924 1151 1981 dicit
1161 1923 1258 1981 Meur-

153 2003 224 2063 aiua.
265 2004 351 2063 semel
366 2005 396 2064 in
416 2024 491 2065 anno
512 2008 686 2087 tentanum,
713 2028 773 2069 non
793 2015 911 2087 quater,
940 2027 1043 2087 nempe
1063 2027 1167 2086 magua
1187 2008 1258 2066 feria

155 2089 259 2166 quinta
271 2089 302 2147 in
314 2089 405 2149 officio
417 2092 527 2170 vigiliae
547 2112 600 2171 pro
619 2094 694 2153 festo
713 2113 880 2174 parasceuen
901 2094 1056 2151 institutae.
1097 2098 1201 2151 testem
1217 2092 1257 2149 do

152 2174 248 2255 ipsum
265 2174 405 2233 Codinum
429 2184 459 2236 et
482 2174 636 2237 Triodium.
678 2197 739 2237 uec·
753 2184 831 2237 recte
849 2177 989 2237 Meumius
1009 2177 1065 2241 hnc
1082 2176 1203 2235 advocat
1218 2175 1260 2234 le-
1309 2224 1314 2231 .

155 2259 277 2319 ctionem
299 2260 446 2319 duodecim
468 2258 618 2321 lectionum
642 2280 677 2320 ex
700 2262 852 2321 Anastasio
875 2269 905 2321 et
926 2262 1070 2321 Beruone:
1102 2258 1257 2336 loquuntur
1274 2259 1299 2315 Ρ
1315 2260 1369 2317 2³6

154 2345 230 2405 enim
252 2345 289 2402 de
310 2344 457 2405 duodecim
477 2344 641 2403 lectionibus
662 2346 692 2404 in
712 2349 836 2423 angariis
853 2366 906 2405 aen
926 2351 1062 2422 quattuor
1085 2344 1259 2425 temporibus

154 2430 266 2488 recitari
289 2430 439 2507 consuetis.
482 2435 513 2489 at
535 2430 663 2487 Codiuua
684 2432 745 2507 agit
765 2430 968 2491 de'duodecim
986 2428 1154 2509 evangeliis,
1184 2448 1260 2506 quae

155 2515 257 2592 quinta
274 2512 343 2571 feria
363 2513 475 2573 maioris
494 2513 679 2575 hebdomadis
698 2516 728 2574 in
747 2516 840 2575 officio
859 2515 969 2595 vigiliae
989 2515 1164 2593 legebantur.
1205 2535 1259 2575 nec

156 2596 306 2657 duodecim
331 2596 564 2676 dimicationes,
596 2616 667 2675 quaa
691 2618 726 2659 cx
746 2597 900 2661 Anastasio
921 2609 952 2662 et
965 2600 1105 2660 'Bernoue
1128 2598 1259 2679 producit

154 2682 311 2760 Meursiua,
331 2682 362 2741 in
380 2683 501 2762 angariis
525 2702 559 2741 ex
577 2684 720 2761 evangelio
741 2686 941 2763 sumebantur,
960 2688 1012 2744 aed
1033 2704 1067 2744 ex
1080 2685 1212 2745 mosaicis
1227 2692 1258 2747 et

153 2766 434 2849 propheticislibris,
461 2773 495 2827 ut
508 2773 538 2826 et
551 2767 636 2826 hodie
648 2769 826 2844 angariarum
838 2770 971 2829 lectiones
987 2771 1113 2847 quinque
1132 2788 1166 2827 ex
1189 2790 1259 2849 pro-

152 2852 258 2933 phetiis
273 2857 418 2931 petuntur.
459 2868 544 2927 quam
558 2853 689 2932 apposite
702 2870 769 2911 vero
782 2855 820 2913 ad
834 2855 992 2931 evangelia,
1013 2874 1087 2931 quae
1098 2854 1256 2915 recitaban-

129 2951 132 2955 ’
153 2946 202 2996 tur
219 2937 249 2995 in
275 2935 407 3014 ecclesia,
434 2937 627 2996 accommodat
645 2936 785 2996 Meursius
807 2938 877 2997 illud
899 2940 999 2999 Isidori
1016 2938 1176 3016 Pelusiotae
1194 2938 1214 2997 l
1232 2946 1255 3005 2

153 3040 200 3101 ep.
225 3021 303 3099 150,
322 3020 371 3079 ubi
388 3020 428 3079 ait
439 3021 615 3124 phylacteria
629 3020 799 3087 Iudaeorum
815 3026 902 3083 finisse
920 3026 1018 3087 delrio
1039 3021 1148 3109 μικροί,
1176 3019 1255 3102 ὅπερ

153 3099 288 3187 ἐφόρουν
309 3104 342 3167 ol
357 3106 421 3169 τοῖν
444 3105 595 3167 Ιουδαίων
613 3108 785 3187 καθηγηταί
806 3104 906 3189 ὥσπερ
926 3108 1040 3190 wainni
1056 3115 1196 3189 γυναῖκες
1216 3105 1254 3171 rol

154 3182 313 3274 είαγγίλια
326 3184 364 3251 td
379 3182 481 3269 μικροί.
523 3189 676 3249 arbitratur
694 3211 783 3270 parva
804 3194 891 3252 fuisse
911 3192 1121 3271 evangelia-iila
1134 3192 1252 3269 quaein

152 3276 261 3355 templo
274 3274 454 3353 legebantur:
474 3274 527 3331 aed
545 3294 608 3333 cum
622 3281 686 3335 toto
702 3294 777 3335 anno
791 3277 911 3354 plurima
923 3276 1069 3353 evangelia
1082 3276 1254 3355 legerentur,

153 3359 233 3421 lraud
248 3378 337 3440 parra
353 3360 407 3419 dici
427 3358 595 3438 potuissent.
635 3379 725 3438 parva
741 3362 829 3438 igitur
845 3362 975 3419 dicuntur
994 3360 1040 3418 vel
1061 3362 1130 3439 qnia
1142 3360 1252 3421 initium

153 3446 238 3506 unius
251 3444 405 3522 evangelii,
424 3448 496 3523 puta
509 3445 540 3502 S.
553 3442 681 3521 Ioannis,
702 3446 747 3502 vel
769 3447 892 3505 omnium
910 3450 1047 3527 quattuor
1065 3446 1253 3523 evangelista-

153 3550 218 3591 rum
236 3531 351 3611 exordia
370 3528 566 3606 continebant,
591 3529 827 3608 serebanturque,
856 3537 890 3589 ut
912 3536 943 3588 et
968 3531 1051 3590 hodie
1077 3532 1251 3611 evangelium

151 3616 184 3676 S.
198 3615 328 3693 Ioannis,
349 3613 533 3674 amuletonnn
544 3614 603 3673 vice
616 3615 792 3691 potissimum
810 3635 829 3675 a
846 3616 965 3675 seminia.
1004 3616 1070 3674 vide
1092 3634 1164 3694 qnae
1184 3619 1252 3676 scri-

151 3701 260 3781 psimus
273 3707 342 3760 tom.
360 3703 378 3763 1
393 3702 430 3759 de
441 3706 541 3759 saneta
554 3698 644 3757 Cruce
656 3698 674 3756 l.
689 3701 711 3763 2
724 3720 746 3757 c.
762 3704 812 3765 29.
854 3703 906 3760 aed
928 3707 962 3760 ut
981 3700 1047 3760 hinc
1066 3704 1181 3763 taudem
1199 3704 1250 3762 ab·

90 3820 95 3839 ι
152 3802 234 3863 eam,
255 3779 347 3847 ov'dlv
364 3783 387 3847 d
405 3784 447 3856 ιίς
463 3784 492 3842 in
507 3782 642 3841 Glossarii
656 3784 801 3859 evangelio
819 3786 910 3844 inesse
924 3787 1042 3864 reperio.

222 3867 288 3921 ibid.
319 3858 355 3919 eol
377 3810 487 3919 dducam
507 3858 665 3945 adnype'lun]
690 3866 796 3919 exhibet
819 3866 976 3921 Graecorum
1002 3861 1250 3935 είαγγείιστοίριον,

94 3941 98 3948 ’
151 3950 303 4005 omnemque
314 3938 478 4003 etquattuor
493 3932 937 4058 avangelirmriptoribqupqaionia
952 3934 1082 3989 bimoriam
1101 3936 1190 3988 ordine
1207 3935 1254 3987 de·

151 4009 267 4071 oerptam
294 4003 504 4071 concorditerque
534 4018 672 4055 connexam
702 4018 791 4074 compr

150 4072 247 4143 τμῆμα
263 4077 304 4125 eat
318 4070 439 4127 utrtonae
473 4066 581 4122 ardonis
596 4070 744 4125 dominicae.
1184 4136 1191 4151 ·

223 4140 260 4193 n.
274 4158 301 4194 v.
317 4140 357 4194 14.
373 4088 494 4209 bonade]
510 4138 602 4221 nullum
626 4138 693 4193 alind
715 4138 784 4193 inter
804 4136 940 4223 λαμνοζδα
957 4144 987 4195 et
1006 4136 1094 4209 κηρόν
1116 4137 1250 4191 ἁίοοηοιεο

151 4224 229 4278 qnam
245 4209 314 4262 inter
327 4224 482 4291 oqmmunem
502 4215 530 4290 et
545 4224 663 4261 maiorem
680 4212 788 4291 arteque
803 4211 972 4292 exquisitiora
987 4217 1112 4281 comptum
1132 4222 1251 4263 toreuma
1306 4231 1310 4240 ·

149 4278 196 4337 uto
209 4278 373 4350 inperatori,
383 4278 451 4335 altor
468 4277 607 4333 amicornm
622 4277 715 4335 turbae
731 4278 897 4335 danibmtnr.

856 4005 936 4059 duuta
966 4004 1161 4075 unumquodque
1186 4019 1251 4057 vero
