<?xml version="1.0" encoding="UTF-8"?>
<!DOCTYPE html PUBLIC "-//W3C//DTD XHTML 1.0 Transitional//EN"
    "http://www.w3.org/TR/xhtml1/DTD/xhtml1-transitional.dtd">
<html xmlns="http://www.w3.org/1999/xhtml" xml:lang="en" lang="en">
 <head>
  <title>
</title>
<meta http-equiv="Content-Type" content="text/html;charset=utf-8" />
  <meta name='ocr-system' content='tesseract 3.04.00' />
  <meta name='ocr-capabilities' content='ocr_page ocr_carea ocr_par ocr_line ocrx_word'/>
</head>
<body>
  <div class='ocr_page' id='page_1' title='image "./corpusscriptoru23theogoog/corpusscriptoru23theogoog_0247.png"; bbox 0 0 3075 4867; ppageno 0'>
   <div class='ocr_carea' id='block_1_1' title="bbox 556 281 1433 361">
    <p class='ocr_par' dir='ltr' id='par_1_1' title="bbox 556 281 1433 361">
     <span class='ocr_line' id='line_1_1' title="bbox 556 281 1433 361; baseline 0.011 -11"><span class='ocrx_word' id='word_1_1' title='bbox 556 281 604 350; x_wconf 86' lang='lat' dir='ltr'><strong>IN</strong></span> <span class='ocrx_word' id='word_1_2' title='bbox 623 282 774 352; x_wconf 85' lang='lat' dir='ltr'><strong>CODINl</strong></span> <span class='ocrx_word' id='word_1_3' title='bbox 804 284 892 353; x_wconf 81' lang='lat' dir='ltr'><strong>GAP.</strong></span> <span class='ocrx_word' id='word_1_4' title='bbox 913 284 970 353; x_wconf 90' lang='lat' dir='ltr'><strong>Ill.</strong></span> <span class='ocrx_word' id='word_1_5' title='bbox 1244 290 1320 361; x_wconf 70' lang='lat'><strong>229</strong></span> <span class='ocrx_word' id='word_1_6' title='bbox 1427 327 1433 337; x_wconf 93' lang='lat'><strong>·</strong></span> 
     </span>
    </p>
   </div>
   <div class='ocr_carea' id='block_1_2' title="bbox 212 443 1320 619">
    <p class='ocr_par' dir='ltr' id='par_1_2' title="bbox 212 443 1320 619">
     <span class='ocr_line' id='line_1_2' title="bbox 296 443 1320 533; baseline 0.006 -24"><span class='ocrx_word' id='word_1_7' title='bbox 296 464 329 526; x_wconf 80' lang='lat' dir='ltr'><strong>p.</strong></span> <span class='ocrx_word' id='word_1_8' title='bbox 343 443 384 509; x_wconf 78' lang='lat'><strong>14</strong></span> <span class='ocrx_word' id='word_1_9' title='bbox 398 464 424 505; x_wconf 83' lang='lat' dir='ltr'><strong>v.</strong></span> <span class='ocrx_word' id='word_1_10' title='bbox 440 446 489 515; x_wconf 81' lang='grc'><strong>13.</strong></span> <span class='ocrx_word' id='word_1_11' title='bbox 519 446 731 533; x_wconf 69' lang='grc' dir='ltr'><strong>παβαλλινεόῃ,</strong></span> <span class='ocrx_word' id='word_1_12' title='bbox 742 468 798 512; x_wconf 83' lang='lat' dir='ltr'><strong>vox</strong></span> <span class='ocrx_word' id='word_1_13' title='bbox 812 470 831 512; x_wconf 88' lang='lat' dir='ltr'><strong>a</strong></span> <span class='ocrx_word' id='word_1_14' title='bbox 843 448 948 513; x_wconf 83' lang='lat' dir='ltr'><strong>Latino</strong></span> <span class='ocrx_word' id='word_1_15' title='bbox 962 452 1082 513; x_wconf 75' lang='lat' dir='ltr'><strong>caballus</strong></span> <span class='ocrx_word' id='word_1_16' title='bbox 1095 452 1171 530; x_wconf 82' lang='lat' dir='ltr'><strong>ficte,</strong></span> <span class='ocrx_word' id='word_1_17' title='bbox 1187 453 1320 531; x_wconf 81' lang='lat' dir='ltr'><strong>frequens</strong></span> 
     </span>
     <span class='ocr_line' id='line_1_3' title="bbox 212 530 1319 619; baseline 0.011 -30"><span class='ocrx_word' id='word_1_18' title='bbox 212 531 244 589; x_wconf 92' lang='lat' dir='ltr'><strong>in</strong></span> <span class='ocrx_word' id='word_1_19' title='bbox 259 530 314 591; x_wconf 89' lang='lat' dir='ltr'><strong>hoc</strong></span> <span class='ocrx_word' id='word_1_20' title='bbox 335 550 429 611; x_wconf 87' lang='lat' dir='ltr'><strong>opere.</strong></span> <span class='ocrx_word' id='word_1_21' title='bbox 448 534 564 594; x_wconf 78' lang='lat' dir='ltr'><strong>additur</strong></span> <span class='ocrx_word' id='word_1_22' title='bbox 585 536 753 615; x_wconf 80' lang='lat' dir='ltr'><strong>explicatio,</strong></span> <span class='ocrx_word' id='word_1_23' title='bbox 775 532 841 615; x_wconf 76' lang='grc' dir='ltr'><strong>ἥως</strong></span> <span class='ocrx_word' id='word_1_24' title='bbox 862 533 994 619; x_wconf 70' lang='grc' dir='ltr'><strong><em>ἱππεύῃ,</em></strong></span> <span class='ocrx_word' id='word_1_25' title='bbox 1017 537 1114 615; x_wconf 84' lang='lat' dir='ltr'><strong>quales</strong></span> <span class='ocrx_word' id='word_1_26' title='bbox 1137 539 1319 601; x_wconf 84' lang='lat' dir='ltr'><strong>barbararum</strong></span> 
     </span>
    </p>
   </div>
   <div class='ocr_carea' id='block_1_3' title="bbox 119 617 1318 702">
    <p class='ocr_par' dir='ltr' id='par_1_3' title="bbox 119 617 1318 702">
     <span class='ocr_line' id='line_1_4' title="bbox 119 617 1318 702; baseline 0.012 -28"><span class='ocrx_word' id='word_1_27' title='bbox 119 630 131 644; x_wconf 83' lang='lat'><strong>··</strong></span> <span class='ocrx_word' id='word_1_28' title='bbox 212 617 367 678; x_wconf 85' lang='lat' dir='ltr'><strong>dictionum</strong></span> <span class='ocrx_word' id='word_1_29' title='bbox 390 618 587 699; x_wconf 70' lang='lat' dir='ltr'><strong>explicationes</strong></span> <span class='ocrx_word' id='word_1_30' title='bbox 609 623 715 683; x_wconf 87' lang='lat' dir='ltr'><strong>multae</strong></span> <span class='ocrx_word' id='word_1_31' title='bbox 728 627 878 681; x_wconf 87' lang='lat' dir='ltr'><strong>occurrunt</strong></span> <span class='ocrx_word' id='word_1_32' title='bbox 898 623 928 682; x_wconf 87' lang='lat' dir='ltr'><strong>iu</strong></span> <span class='ocrx_word' id='word_1_33' title='bbox 947 622 1075 698; x_wconf 83' lang='lat' dir='ltr'><strong>Codin03</strong></span> <span class='ocrx_word' id='word_1_34' title='bbox 1100 628 1131 681; x_wconf 88' lang='lat' dir='ltr'><strong>ut</strong></span> <span class='ocrx_word' id='word_1_35' title='bbox 1147 625 1231 702; x_wconf 89' lang='lat' dir='ltr'><strong>paulo</strong></span> <span class='ocrx_word' id='word_1_36' title='bbox 1250 634 1318 688; x_wconf 85' lang='lat' dir='ltr'><strong>ante</strong></span> 
     </span>
    </p>
   </div>
   <div class='ocr_carea' id='block_1_4' title="bbox 200 694 1317 2253">
    <p class='ocr_par' dir='ltr' id='par_1_4' title="bbox 209 694 1317 1042">
     <span class='ocr_line' id='line_1_5' title="bbox 211 694 1317 791; baseline 0.007 -26"><span class='ocrx_word' id='word_1_37' title='bbox 211 694 332 781; x_wconf 73' lang='grc' dir='ltr'><strong><em>κόμπος</em></strong></span> <span class='ocrx_word' id='word_1_38' title='bbox 351 698 417 783; x_wconf 65' lang='lat' dir='ltr'><strong>iius</strong></span> <span class='ocrx_word' id='word_1_39' title='bbox 428 706 546 768; x_wconf 81' lang='grc' dir='ltr'><strong><em>πεδίον.</em></strong></span> <span class='ocrx_word' id='word_1_40' title='bbox 566 709 685 767; x_wconf 87' lang='lat' dir='ltr'><strong>necscio</strong></span> <span class='ocrx_word' id='word_1_41' title='bbox 697 726 764 767; x_wconf 90' lang='lat' dir='ltr'><strong>num</strong></span> <span class='ocrx_word' id='word_1_42' title='bbox 777 708 835 767; x_wconf 89' lang='lat' dir='ltr'><strong>siut</strong></span> <span class='ocrx_word' id='word_1_43' title='bbox 849 706 886 767; x_wconf 89' lang='lat' dir='ltr'><strong>ab</strong></span> <span class='ocrx_word' id='word_1_44' title='bbox 897 713 1011 767; x_wconf 84' lang='lat' dir='ltr'><strong>auctore</strong></span> <span class='ocrx_word' id='word_1_45' title='bbox 1025 728 1062 769; x_wconf 90' lang='lat' dir='ltr'><strong>an</strong></span> <span class='ocrx_word' id='word_1_46' title='bbox 1075 728 1093 768; x_wconf 83' lang='lat' dir='ltr'><strong>a</strong></span> <span class='ocrx_word' id='word_1_47' title='bbox 1106 708 1231 770; x_wconf 86' lang='lat' dir='ltr'><strong>librariis.</strong></span> <span class='ocrx_word' id='word_1_48' title='bbox 1253 708 1317 791; x_wconf 78' lang='grc' dir='ltr'><strong>ἥως</strong></span> 
     </span>
     <span class='ocr_line' id='line_1_6' title="bbox 211 788 1314 872; baseline 0.008 -25"><span class='ocrx_word' id='word_1_49' title='bbox 211 789 373 849; x_wconf 67' lang='lat' dir='ltr'><strong>recentioris</strong></span> <span class='ocrx_word' id='word_1_50' title='bbox 392 790 528 851; x_wconf 80' lang='lat' dir='ltr'><strong>Graeciae</strong></span> <span class='ocrx_word' id='word_1_51' title='bbox 546 793 679 853; x_wconf 85' lang='lat' dir='ltr'><strong>flosculus</strong></span> <span class='ocrx_word' id='word_1_52' title='bbox 695 798 756 870; x_wconf 83' lang='lat' dir='ltr'><strong>est,</strong></span> <span class='ocrx_word' id='word_1_53' title='bbox 777 812 830 871; x_wconf 88' lang='lat' dir='ltr'><strong>pro</strong></span> <span class='ocrx_word' id='word_1_54' title='bbox 845 788 877 872; x_wconf 81' lang='grc' dir='ltr'><strong>ἤ.</strong></span> <span class='ocrx_word' id='word_1_55' title='bbox 897 794 994 871; x_wconf 88' lang='lat' dir='ltr'><strong>primis</strong></span> <span class='ocrx_word' id='word_1_56' title='bbox 1007 795 1098 854; x_wconf 88' lang='lat' dir='ltr'><strong>verbis</strong></span> <span class='ocrx_word' id='word_1_57' title='bbox 1111 794 1193 855; x_wconf 87' lang='lat' dir='ltr'><strong>huius</strong></span> <span class='ocrx_word' id='word_1_58' title='bbox 1208 798 1314 855; x_wconf 87' lang='lat' dir='ltr'><strong>numeri</strong></span> 
     </span>
     <span class='ocr_line' id='line_1_7' title="bbox 210 872 1315 967; baseline 0.012 -35"><span class='ocrx_word' id='word_1_59' title='bbox 210 875 286 933; x_wconf 85' lang='lat' dir='ltr'><strong>forte</strong></span> <span class='ocrx_word' id='word_1_60' title='bbox 310 876 406 953; x_wconf 92' lang='lat' dir='ltr'><strong>aptior</strong></span> <span class='ocrx_word' id='word_1_61' title='bbox 428 877 567 955; x_wconf 86' lang='lat' dir='ltr'><strong>scriptura</strong></span> <span class='ocrx_word' id='word_1_62' title='bbox 586 886 679 938; x_wconf 85' lang='lat' dir='ltr'><strong>esset:</strong></span> <span class='ocrx_word' id='word_1_63' title='bbox 699 872 819 954; x_wconf 75' lang='grc' dir='ltr'><strong><em>πεζεύεν</em></strong></span> <span class='ocrx_word' id='word_1_64' title='bbox 840 874 858 942; x_wconf 81' lang='lat' dir='ltr'><strong>d</strong></span> <span class='ocrx_word' id='word_1_65' title='bbox 878 876 1040 959; x_wconf 71' lang='grc' dir='ltr'><strong><em>δεσπότης,</em></strong></span> <span class='ocrx_word' id='word_1_66' title='bbox 1070 880 1104 943; x_wconf 77' lang='grc' dir='ltr'><strong>ἐν</strong></span> <span class='ocrx_word' id='word_1_67' title='bbox 1129 872 1155 967; x_wconf 78' lang='lat' dir='ltr'><strong>oi</strong></span> <span class='ocrx_word' id='word_1_68' title='bbox 1176 875 1216 945; x_wconf 75' lang='lat' dir='ltr'><strong>dv</strong></span> <span class='ocrx_word' id='word_1_69' title='bbox 1231 876 1315 966; x_wconf 79' lang='grc' dir='ltr'><strong><em>τόπῳ</em></strong></span> 
     </span>
     <span class='ocr_line' id='line_1_8' title="bbox 209 954 667 1042; baseline 0.007 -19"><span class='ocrx_word' id='word_1_70' title='bbox 209 954 371 1042; x_wconf 76' lang='grc' dir='ltr'><strong><em>προστάξει</em></strong></span> <span class='ocrx_word' id='word_1_71' title='bbox 384 964 473 1025; x_wconf 78' lang='grc' dir='ltr'><strong>τοῦτο</strong></span> <span class='ocrx_word' id='word_1_72' title='bbox 486 956 504 1025; x_wconf 83' lang='grc' dir='ltr'><strong><em>ὃ</em></strong></span> <span class='ocrx_word' id='word_1_73' title='bbox 516 958 667 1042; x_wconf 73' lang='grc' dir='ltr'><strong>βασιλεύς.</strong></span> 
     </span>
    </p>

    <p class='ocr_par' dir='ltr' id='par_1_5' title="bbox 200 1056 1315 2253">
     <span class='ocr_line' id='line_1_9' title="bbox 294 1056 1315 1146; baseline 0.003 -22"><span class='ocrx_word' id='word_1_74' title='bbox 294 1060 333 1122; x_wconf 84' lang='lat' dir='ltr'><strong>ib.</strong></span> <span class='ocrx_word' id='word_1_75' title='bbox 355 1080 381 1121; x_wconf 87' lang='lat' dir='ltr'><strong>v.</strong></span> <span class='ocrx_word' id='word_1_76' title='bbox 402 1066 450 1127; x_wconf 84' lang='lat'><strong>16.</strong></span> <span class='ocrx_word' id='word_1_77' title='bbox 472 1056 666 1143; x_wconf 79' lang='grc' dir='ltr'><strong><em>σκαρνὶνινον]</em></strong></span> <span class='ocrx_word' id='word_1_78' title='bbox 689 1060 786 1123; x_wconf 86' lang='lat' dir='ltr'><strong>Iunius</strong></span> <span class='ocrx_word' id='word_1_79' title='bbox 794 1062 900 1145; x_wconf 85' lang='lat' dir='ltr'><strong>pollam</strong></span> <span class='ocrx_word' id='word_1_80' title='bbox 913 1064 998 1125; x_wconf 88' lang='lat' dir='ltr'><strong>vertit</strong></span> <span class='ocrx_word' id='word_1_81' title='bbox 1014 1062 1057 1122; x_wconf 90' lang='lat' dir='ltr'><strong>vel</strong></span> <span class='ocrx_word' id='word_1_82' title='bbox 1075 1062 1168 1125; x_wconf 83' lang='lat' dir='ltr'><strong>locum</strong></span> <span class='ocrx_word' id='word_1_83' title='bbox 1184 1072 1210 1125; x_wconf 91' lang='lat' dir='ltr'><strong>et</strong></span> <span class='ocrx_word' id='word_1_84' title='bbox 1221 1069 1315 1146; x_wconf 76' lang='lat' dir='ltr'><strong>fluere·</strong></span> 
     </span>
     <span class='ocr_line' id='line_1_10' title="bbox 210 1147 1314 1227; baseline 0.005 -21"><span class='ocrx_word' id='word_1_85' title='bbox 210 1154 262 1207; x_wconf 81' lang='lat' dir='ltr'><strong>teor</strong></span> <span class='ocrx_word' id='word_1_86' title='bbox 274 1152 383 1223; x_wconf 78' lang='lat' dir='ltr'><strong>togasu3</strong></span> <span class='ocrx_word' id='word_1_87' title='bbox 401 1148 517 1224; x_wconf 86' lang='lat' dir='ltr'><strong>eiusque</strong></span> <span class='ocrx_word' id='word_1_88' title='bbox 530 1150 657 1209; x_wconf 87' lang='lat' dir='ltr'><strong>vocabuli</strong></span> <span class='ocrx_word' id='word_1_89' title='bbox 678 1149 783 1209; x_wconf 86' lang='lat' dir='ltr'><strong>natalia</strong></span> <span class='ocrx_word' id='word_1_90' title='bbox 796 1147 833 1209; x_wconf 87' lang='lat' dir='ltr'><strong>ab</strong></span> <span class='ocrx_word' id='word_1_91' title='bbox 855 1148 979 1227; x_wconf 84' lang='lat' dir='ltr'><strong>Assyriis</strong></span> <span class='ocrx_word' id='word_1_92' title='bbox 1000 1150 1110 1227; x_wconf 90' lang='lat' dir='ltr'><strong>repetit.</strong></span> <span class='ocrx_word' id='word_1_93' title='bbox 1137 1170 1191 1227; x_wconf 87' lang='lat' dir='ltr'><strong>ego</strong></span> <span class='ocrx_word' id='word_1_94' title='bbox 1211 1171 1314 1212; x_wconf 87' lang='lat' dir='ltr'><strong>nornen</strong></span> 
     </span>
     <span class='ocr_line' id='line_1_11' title="bbox 209 1232 1314 1313; baseline 0.005 -23"><span class='ocrx_word' id='word_1_95' title='bbox 209 1232 350 1292; x_wconf 86' lang='lat' dir='ltr'><strong>Graecum</strong></span> <span class='ocrx_word' id='word_1_96' title='bbox 368 1233 545 1293; x_wconf 84' lang='lat' dir='ltr'><strong>retinendum</strong></span> <span class='ocrx_word' id='word_1_97' title='bbox 565 1252 682 1311; x_wconf 86' lang='lat' dir='ltr'><strong>censeo,</strong></span> <span class='ocrx_word' id='word_1_98' title='bbox 703 1239 763 1293; x_wconf 88' lang='lat' dir='ltr'><strong>tam</strong></span> <span class='ocrx_word' id='word_1_99' title='bbox 781 1234 827 1295; x_wconf 87' lang='lat' dir='ltr'><strong>hic</strong></span> <span class='ocrx_word' id='word_1_100' title='bbox 847 1252 933 1311; x_wconf 86' lang='lat' dir='ltr'><strong>quam</strong></span> <span class='ocrx_word' id='word_1_101' title='bbox 953 1233 1035 1311; x_wconf 85' lang='lat' dir='ltr'><strong>alibi,</strong></span> <span class='ocrx_word' id='word_1_102' title='bbox 1054 1240 1112 1293; x_wconf 86' lang='lat' dir='ltr'><strong>tam</strong></span> <span class='ocrx_word' id='word_1_103' title='bbox 1126 1236 1155 1293; x_wconf 90' lang='lat' dir='ltr'><strong>in</strong></span> <span class='ocrx_word' id='word_1_104' title='bbox 1171 1236 1214 1293; x_wconf 85' lang='lat' dir='ltr'><strong>his</strong></span> <span class='ocrx_word' id='word_1_105' title='bbox 1228 1255 1314 1313; x_wconf 87' lang='lat' dir='ltr'><strong>quam</strong></span> 
     </span>
     <span class='ocr_line' id='line_1_12' title="bbox 208 1316 1313 1399; baseline 0.005 -23"><span class='ocrx_word' id='word_1_106' title='bbox 208 1317 238 1376; x_wconf 93' lang='lat' dir='ltr'><strong>in</strong></span> <span class='ocrx_word' id='word_1_107' title='bbox 253 1316 314 1377; x_wconf 88' lang='lat' dir='ltr'><strong>aliis</strong></span> <span class='ocrx_word' id='word_1_108' title='bbox 326 1318 357 1375; x_wconf 92' lang='lat' dir='ltr'><strong>id</strong></span> <span class='ocrx_word' id='word_1_109' title='bbox 379 1336 470 1395; x_wconf 86' lang='lat' dir='ltr'><strong>genus</strong></span> <span class='ocrx_word' id='word_1_110' title='bbox 491 1320 647 1398; x_wconf 86' lang='lat' dir='ltr'><strong>vocabulis,</strong></span> <span class='ocrx_word' id='word_1_111' title='bbox 666 1321 781 1396; x_wconf 89' lang='lat' dir='ltr'><strong>quando</strong></span> <span class='ocrx_word' id='word_1_112' title='bbox 803 1318 909 1379; x_wconf 89' lang='lat' dir='ltr'><strong>nullum</strong></span> <span class='ocrx_word' id='word_1_113' title='bbox 930 1317 1065 1379; x_wconf 85' lang='lat' dir='ltr'><strong>Latinum</strong></span> <span class='ocrx_word' id='word_1_114' title='bbox 1088 1321 1215 1399; x_wconf 87' lang='lat' dir='ltr'><strong>suppetit</strong></span> <span class='ocrx_word' id='word_1_115' title='bbox 1235 1325 1313 1397; x_wconf 91' lang='lat' dir='ltr'><strong>quod</strong></span> 
     </span>
     <span class='ocr_line' id='line_1_13' title="bbox 207 1402 1310 1483; baseline 0.005 -23"><span class='ocrx_word' id='word_1_116' title='bbox 207 1402 355 1461; x_wconf 83' lang='lat' dir='ltr'><strong>vimsetis</strong></span> <span class='ocrx_word' id='word_1_117' title='bbox 374 1404 520 1481; x_wconf 86' lang='lat' dir='ltr'><strong>exprimat.</strong></span> <span class='ocrx_word' id='word_1_118' title='bbox 543 1405 618 1465; x_wconf 86' lang='lat' dir='ltr'><strong>forte</strong></span> <span class='ocrx_word' id='word_1_119' title='bbox 643 1409 809 1465; x_wconf 78' lang='lat' dir='ltr'><strong>scurmdcum</strong></span> <span class='ocrx_word' id='word_1_120' title='bbox 837 1408 882 1463; x_wconf 90' lang='lat' dir='ltr'><strong>est</strong></span> <span class='ocrx_word' id='word_1_121' title='bbox 907 1424 925 1465; x_wconf 86' lang='lat' dir='ltr'><strong>a</strong></span> <span class='ocrx_word' id='word_1_122' title='bbox 947 1406 1050 1481; x_wconf 73' lang='lat' dir='ltr'><strong>Sanc,</strong></span> <span class='ocrx_word' id='word_1_123' title='bbox 1076 1405 1130 1464; x_wconf 89' lang='lat' dir='ltr'><strong>hoc</strong></span> <span class='ocrx_word' id='word_1_124' title='bbox 1154 1412 1199 1465; x_wconf 88' lang='lat' dir='ltr'><strong>est</strong></span> <span class='ocrx_word' id='word_1_125' title='bbox 1221 1404 1310 1483; x_wconf 84' lang='lat' dir='ltr'><strong>Tyro.</strong></span> 
     </span>
     <span class='ocr_line' id='line_1_14' title="bbox 207 1487 1310 1569; baseline 0.005 -24"><span class='ocrx_word' id='word_1_126' title='bbox 207 1487 374 1552; x_wconf 87' lang='lat' dir='ltr'><strong>Sidonius8</strong></span> <span class='ocrx_word' id='word_1_127' title='bbox 388 1494 424 1553; x_wconf 88' lang='lat'><strong>6:</strong></span> <span class='ocrx_word' id='word_1_128' title='bbox 445 1489 576 1550; x_wconf 60' lang='grc' dir='ltr'><strong>δαπανᾶν</strong></span> <span class='ocrx_word' id='word_1_129' title='bbox 590 1492 664 1549; x_wconf 81' lang='lat' dir='ltr'><strong>ebria</strong></span> <span class='ocrx_word' id='word_1_130' title='bbox 672 1489 756 1569; x_wconf 70' lang='lat' dir='ltr'><strong>fieret.</strong></span> <span class='ocrx_word' id='word_1_131' title='bbox 769 1489 818 1548; x_wconf 88' lang='lat' dir='ltr'><strong>ubi</strong></span> <span class='ocrx_word' id='word_1_132' title='bbox 831 1492 956 1551; x_wconf 82' lang='lat' dir='ltr'><strong>Severo:</strong></span> <span class='ocrx_word' id='word_1_133' title='bbox 974 1490 1120 1565; x_wconf 80' lang='lat' dir='ltr'><strong>Sarranis,</strong></span> <span class='ocrx_word' id='word_1_134' title='bbox 1143 1491 1172 1548; x_wconf 92' lang='lat' dir='ltr'><strong>id</strong></span> <span class='ocrx_word' id='word_1_135' title='bbox 1186 1498 1231 1549; x_wconf 90' lang='lat' dir='ltr'><strong>est</strong></span> <span class='ocrx_word' id='word_1_136' title='bbox 1248 1492 1310 1568; x_wconf 82' lang='lat' dir='ltr'><strong>&#39;l&#39;y-</strong></span> 
     </span>
     <span class='ocr_line' id='line_1_15' title="bbox 204 1571 1310 1654; baseline 0.002 -21"><span class='ocrx_word' id='word_1_137' title='bbox 204 1574 268 1633; x_wconf 77' lang='lat' dir='ltr'><strong>riis:</strong></span> <span class='ocrx_word' id='word_1_138' title='bbox 284 1571 380 1650; x_wconf 81' lang='lat' dir='ltr'><strong>Tyrus</strong></span> <span class='ocrx_word' id='word_1_139' title='bbox 392 1574 467 1633; x_wconf 88' lang='lat' dir='ltr'><strong>enim</strong></span> <span class='ocrx_word' id='word_1_140' title='bbox 479 1575 572 1635; x_wconf 88' lang='lat' dir='ltr'><strong>insula</strong></span> <span class='ocrx_word' id='word_1_141' title='bbox 581 1576 659 1654; x_wconf 81' lang='lat' dir='ltr'><strong>prius</strong></span> <span class='ocrx_word' id='word_1_142' title='bbox 674 1576 764 1636; x_wconf 80' lang='lat' dir='ltr'><strong>Serra</strong></span> <span class='ocrx_word' id='word_1_143' title='bbox 777 1575 860 1635; x_wconf 84' lang='lat' dir='ltr'><strong>dieta</strong></span> <span class='ocrx_word' id='word_1_144' title='bbox 881 1575 995 1647; x_wconf 84' lang='lat' dir='ltr'><strong>Servius</strong></span> <span class='ocrx_word' id='word_1_145' title='bbox 1015 1580 1045 1633; x_wconf 90' lang='lat' dir='ltr'><strong>et</strong></span> <span class='ocrx_word' id='word_1_146' title='bbox 1065 1575 1144 1635; x_wconf 84' lang='lat' dir='ltr'><strong>Festi</strong></span> <span class='ocrx_word' id='word_1_147' title='bbox 1163 1576 1310 1653; x_wconf 87' lang='lat' dir='ltr'><strong>Epitoma-</strong></span> 
     </span>
     <span class='ocr_line' id='line_1_16' title="bbox 203 1659 1310 1738; baseline 0.004 -22"><span class='ocrx_word' id='word_1_148' title='bbox 203 1665 273 1717; x_wconf 87' lang='lat' dir='ltr'><strong>stes.</strong></span> <span class='ocrx_word' id='word_1_149' title='bbox 301 1660 378 1718; x_wconf 91' lang='lat' dir='ltr'><strong>unde</strong></span> <span class='ocrx_word' id='word_1_150' title='bbox 403 1659 556 1721; x_wconf 72' lang='lat' dir='ltr'><strong>Sanoua</strong></span> <span class='ocrx_word' id='word_1_151' title='bbox 581 1668 681 1721; x_wconf 77' lang='lat' dir='ltr'><strong>ostrum</strong></span> <span class='ocrx_word' id='word_1_152' title='bbox 704 1660 829 1738; x_wconf 82' lang='lat' dir='ltr'><strong>Virg’dio.</strong></span> <span class='ocrx_word' id='word_1_153' title='bbox 865 1662 918 1719; x_wconf 88' lang='lat' dir='ltr'><strong>sed</strong></span> <span class='ocrx_word' id='word_1_154' title='bbox 938 1678 974 1719; x_wconf 89' lang='lat' dir='ltr'><strong>en</strong></span> <span class='ocrx_word' id='word_1_155' title='bbox 998 1660 1103 1719; x_wconf 88' lang='lat' dir='ltr'><strong>fulmen</strong></span> <span class='ocrx_word' id='word_1_156' title='bbox 1122 1681 1141 1720; x_wconf 86' lang='lat' dir='ltr'><strong>a</strong></span> <span class='ocrx_word' id='word_1_157' title='bbox 1165 1660 1310 1721; x_wconf 84' lang='lat' dir='ltr'><strong>Glossario</strong></span> 
     </span>
     <span class='ocr_line' id='line_1_17' title="bbox 204 1740 1309 1829; baseline 0.003 -27"><span class='ocrx_word' id='word_1_158' title='bbox 204 1743 345 1803; x_wconf 83' lang='lat' dir='ltr'><strong>Graecob.</strong></span> <span class='ocrx_word' id='word_1_159' title='bbox 365 1744 438 1823; x_wconf 77' lang='lat' dir='ltr'><strong>apud</strong></span> <span class='ocrx_word' id='word_1_160' title='bbox 448 1744 578 1805; x_wconf 69' lang='grc' dir='ltr'><strong>(ἶνάἰπννν</strong></span> <span class='ocrx_word' id='word_1_161' title='bbox 588 1748 660 1805; x_wconf 67' lang='lat' dir='ltr'><strong>nuh</strong></span> <span class='ocrx_word' id='word_1_162' title='bbox 673 1764 773 1825; x_wconf 67' lang='lat' dir='ltr'><strong>suuper</strong></span> <span class='ocrx_word' id='word_1_163' title='bbox 787 1740 973 1829; x_wconf 79' lang='grc' dir='ltr'><strong><em>σκαρᾶνικον</em></strong></span> <span class='ocrx_word' id='word_1_164' title='bbox 993 1746 1108 1822; x_wconf 79' lang='lat' dir='ltr'><strong>legitur:</strong></span> <span class='ocrx_word' id='word_1_165' title='bbox 1127 1749 1235 1805; x_wconf 79' lang='lat' dir='ltr'><strong>restitue</strong></span> <span class='ocrx_word' id='word_1_166' title='bbox 1248 1749 1309 1805; x_wconf 80' lang='lat' dir='ltr'><strong>ubi-</strong></span> 
     </span>
     <span class='ocr_line' id='line_1_18' title="bbox 205 1825 1308 1910; baseline 0 -20"><span class='ocrx_word' id='word_1_167' title='bbox 205 1848 256 1908; x_wconf 77' lang='lat' dir='ltr'><strong>que</strong></span> <span class='ocrx_word' id='word_1_168' title='bbox 274 1825 499 1910; x_wconf 76' lang='grc' dir='ltr'><strong>σπαράμνγκον.</strong></span> <span class='ocrx_word' id='word_1_169' title='bbox 529 1831 768 1909; x_wconf 87' lang='lat' dir='ltr'><strong>obtemperarem,</strong></span> <span class='ocrx_word' id='word_1_170' title='bbox 789 1832 843 1889; x_wconf 88' lang='lat' dir='ltr'><strong>nisi</strong></span> <span class='ocrx_word' id='word_1_171' title='bbox 865 1850 1018 1890; x_wconf 85' lang='lat' dir='ltr'><strong>consensus</strong></span> <span class='ocrx_word' id='word_1_172' title='bbox 1038 1850 1096 1889; x_wconf 91' lang='lat' dir='ltr'><strong>mss</strong></span> <span class='ocrx_word' id='word_1_173' title='bbox 1116 1833 1243 1891; x_wconf 87' lang='lat' dir='ltr'><strong>codicum</strong></span> <span class='ocrx_word' id='word_1_174' title='bbox 1263 1852 1308 1890; x_wconf 88' lang='lat' dir='ltr'><strong>me</strong></span> 
     </span>
     <span class='ocr_line' id='line_1_19' title="bbox 203 1915 1307 1994; baseline 0.005 -23"><span class='ocrx_word' id='word_1_175' title='bbox 203 1915 378 1972; x_wconf 86' lang='lat' dir='ltr'><strong>retraheret:</strong></span> <span class='ocrx_word' id='word_1_176' title='bbox 406 1934 474 1973; x_wconf 87' lang='lat' dir='ltr'><strong>nam</strong></span> <span class='ocrx_word' id='word_1_177' title='bbox 498 1934 593 1992; x_wconf 89' lang='lat' dir='ltr'><strong>neque</strong></span> <span class='ocrx_word' id='word_1_178' title='bbox 615 1917 711 1975; x_wconf 88' lang='lat' dir='ltr'><strong>Iunius</strong></span> <span class='ocrx_word' id='word_1_179' title='bbox 737 1917 766 1973; x_wconf 92' lang='lat' dir='ltr'><strong>in</strong></span> <span class='ocrx_word' id='word_1_180' title='bbox 787 1917 845 1975; x_wconf 89' lang='lat' dir='ltr'><strong>suis</strong></span> <span class='ocrx_word' id='word_1_181' title='bbox 866 1930 959 1994; x_wconf 88' lang='lat' dir='ltr'><strong>neque</strong></span> <span class='ocrx_word' id='word_1_182' title='bbox 987 1935 1041 1993; x_wconf 86' lang='lat' dir='ltr'><strong>ego</strong></span> <span class='ocrx_word' id='word_1_183' title='bbox 1060 1917 1090 1973; x_wconf 94' lang='lat' dir='ltr'><strong>in</strong></span> <span class='ocrx_word' id='word_1_184' title='bbox 1115 1917 1257 1977; x_wconf 85' lang='lat' dir='ltr'><strong>Bavaricis</strong></span> <span class='ocrx_word' id='word_1_185' title='bbox 1277 1924 1307 1977; x_wconf 91' lang='lat' dir='ltr'><strong>et</strong></span> 
     </span>
     <span class='ocr_line' id='line_1_20' title="bbox 201 1996 1307 2082; baseline 0.002 -23"><span class='ocrx_word' id='word_1_186' title='bbox 201 1998 394 2059; x_wconf 83' lang='lat' dir='ltr'><strong>Lautlreriano</strong></span> <span class='ocrx_word' id='word_1_187' title='bbox 417 2000 474 2059; x_wconf 86' lang='lat' dir='ltr'><strong>hoo</strong></span> <span class='ocrx_word' id='word_1_188' title='bbox 493 1996 707 2082; x_wconf 76' lang='lat' dir='ltr'><strong>uuupoipoyuoo</strong></span> <span class='ocrx_word' id='word_1_189' title='bbox 723 2003 885 2079; x_wconf 85' lang='lat' dir='ltr'><strong>reperimus.</strong></span> <span class='ocrx_word' id='word_1_190' title='bbox 913 2008 1033 2077; x_wconf 90' lang='lat' dir='ltr'><strong>uterque</strong></span> <span class='ocrx_word' id='word_1_191' title='bbox 1055 2001 1207 2060; x_wconf 85' lang='lat' dir='ltr'><strong>Bavaricus</strong></span> <span class='ocrx_word' id='word_1_192' title='bbox 1224 2022 1307 2081; x_wconf 82' lang='lat' dir='ltr'><strong>prae-</strong></span> 
     </span>
     <span class='ocr_line' id='line_1_21' title="bbox 200 2079 1306 2168; baseline 0.003 -25"><span class='ocrx_word' id='word_1_193' title='bbox 200 2086 259 2143; x_wconf 86' lang='lat' dir='ltr'><strong>sert</strong></span> <span class='ocrx_word' id='word_1_194' title='bbox 273 2085 386 2160; x_wconf 88' lang='lat' dir='ltr'><strong>quidem</strong></span> <span class='ocrx_word' id='word_1_195' title='bbox 399 2079 581 2168; x_wconf 78' lang='grc' dir='ltr'><strong><em>σκαρνὶνιον,</em></strong></span> <span class='ocrx_word' id='word_1_196' title='bbox 602 2087 678 2146; x_wconf 80' lang='lat' dir='ltr'><strong>sodli</strong></span> <span class='ocrx_word' id='word_1_197' title='bbox 696 2088 780 2166; x_wconf 86' lang='lat' dir='ltr'><strong>lapsu</strong></span> <span class='ocrx_word' id='word_1_198' title='bbox 798 2086 902 2147; x_wconf 80' lang='lat' dir='ltr'><strong>librarii</strong></span> <span class='ocrx_word' id='word_1_199' title='bbox 922 2110 942 2149; x_wconf 79' lang='grc' dir='ltr'><strong><em>κ</em></strong></span> <span class='ocrx_word' id='word_1_200' title='bbox 967 2087 1135 2145; x_wconf 84' lang='lat' dir='ltr'><strong>emittentis:</strong></span> <span class='ocrx_word' id='word_1_201' title='bbox 1164 2088 1217 2145; x_wconf 89' lang='lat' dir='ltr'><strong>sed</strong></span> <span class='ocrx_word' id='word_1_202' title='bbox 1236 2089 1306 2163; x_wconf 92' lang='lat' dir='ltr'><strong>quid</strong></span> 
     </span>
     <span class='ocr_line' id='line_1_22' title="bbox 201 2163 852 2253; baseline -0.003 -20"><span class='ocrx_word' id='word_1_203' title='bbox 201 2164 369 2253; x_wconf 78' lang='lat' dir='ltr'><strong>uuupoiveov</strong></span> <span class='ocrx_word' id='word_1_204' title='bbox 382 2163 668 2253; x_wconf 74' lang='lat' dir='ltr'><strong>udowpdpuynou?</strong></span> <span class='ocrx_word' id='word_1_205' title='bbox 848 2198 852 2205; x_wconf 90' lang='lat'><strong>·</strong></span> 
     </span>
    </p>
   </div>
   <div class='ocr_carea' id='block_1_5' title="bbox 197 2264 1306 2479">
    <p class='ocr_par' dir='ltr' id='par_1_6' title="bbox 197 2264 1306 2479">
     <span class='ocr_line' id='line_1_23' title="bbox 198 2264 1306 2353; baseline -0.004 -32"><span class='ocrx_word' id='word_1_206' title='bbox 198 2337 209 2353; x_wconf 44' lang='lat'><strong>·</strong></span> <span class='ocrx_word' id='word_1_207' title='bbox 270 2264 452 2353; x_wconf 63' lang='grc' dir='ltr'><strong><em>σνανάνινον]</em></strong></span> <span class='ocrx_word' id='word_1_208' title='bbox 477 2286 533 2353; x_wconf 75' lang='lat' dir='ltr'><strong>eum</strong></span> <span class='ocrx_word' id='word_1_209' title='bbox 561 2269 595 2353; x_wconf 69' lang='lat' dir='ltr'><strong>de</strong></span> <span class='ocrx_word' id='word_1_210' title='bbox 620 2269 666 2353; x_wconf 76' lang='lat' dir='ltr'><strong>illo</strong></span> <span class='ocrx_word' id='word_1_211' title='bbox 694 2269 855 2337; x_wconf 76' lang='lat' dir='ltr'><strong>frequentior</strong></span> <span class='ocrx_word' id='word_1_212' title='bbox 882 2271 1001 2321; x_wconf 85' lang='lat' dir='ltr'><strong>occurret</strong></span> <span class='ocrx_word' id='word_1_213' title='bbox 1026 2264 1306 2350; x_wconf 43' lang='lat' dir='ltr'><strong>serm·o‚·commodius</strong></span> 
     </span>
     <span class='ocr_line' id='line_1_24' title="bbox 197 2334 1303 2479; baseline -0.004 -88"><span class='ocrx_word' id='word_1_214' title='bbox 197 2336 462 2479; x_wconf 46' lang='lat' dir='ltr'><strong>paganissimum.</strong></span> <span class='ocrx_word' id='word_1_215' title='bbox 494 2338 667 2394; x_wconf 83' lang='lat' dir='ltr'><strong>vudemteruu</strong></span> <span class='ocrx_word' id='word_1_216' title='bbox 682 2340 786 2391; x_wconf 84' lang='lat' dir='ltr'><strong>tertiam</strong></span> <span class='ocrx_word' id='word_1_217' title='bbox 803 2340 836 2391; x_wconf 86' lang='lat' dir='ltr'><strong>ab</strong></span> <span class='ocrx_word' id='word_1_218' title='bbox 855 2339 904 2391; x_wconf 80' lang='lat' dir='ltr'><strong>uae</strong></span> <span class='ocrx_word' id='word_1_219' title='bbox 930 2344 1031 2401; x_wconf 82' lang='lat' dir='ltr'><strong>notem,</strong></span> <span class='ocrx_word' id='word_1_220' title='bbox 1057 2352 1098 2389; x_wconf 84' lang='lat' dir='ltr'><strong>cur</strong></span> <span class='ocrx_word' id='word_1_221' title='bbox 1121 2334 1209 2389; x_wconf 75' lang='lat' dir='ltr'><strong>neotus</strong></span> <span class='ocrx_word' id='word_1_222' title='bbox 1234 2334 1303 2406; x_wconf 80' lang='grc' dir='ltr'><strong><em>ναβ-</em></strong></span> 
     </span>
    </p>
   </div>
   <div class='ocr_carea' id='block_1_6' title="bbox 138 2487 1303 3199">
    <p class='ocr_par' dir='ltr' id='par_1_7' title="bbox 138 2487 1303 2976">
     <span class='ocr_line' id='line_1_25' title="bbox 269 2487 1303 2561; baseline -0.007 -14"><span class='ocrx_word' id='word_1_223' title='bbox 269 2493 331 2547; x_wconf 82' lang='lat' dir='ltr'><strong>ibid.</strong></span> <span class='ocrx_word' id='word_1_224' title='bbox 348 2487 546 2560; x_wconf 73' lang='grc' dir='ltr'><strong>χρυσοχοϊνόν]</strong></span> <span class='ocrx_word' id='word_1_225' title='bbox 562 2507 662 2545; x_wconf 83' lang='lat' dir='ltr'><strong>sensum</strong></span> <span class='ocrx_word' id='word_1_226' title='bbox 679 2491 801 2561; x_wconf 84' lang='lat' dir='ltr'><strong>percipe;</strong></span> <span class='ocrx_word' id='word_1_227' title='bbox 828 2509 876 2545; x_wconf 92' lang='lat' dir='ltr'><strong>nec</strong></span> <span class='ocrx_word' id='word_1_228' title='bbox 893 2490 981 2545; x_wconf 84' lang='lat' dir='ltr'><strong>illitum</strong></span> <span class='ocrx_word' id='word_1_229' title='bbox 1005 2487 1095 2553; x_wconf 87' lang='lat' dir='ltr'><strong>modo,</strong></span> <span class='ocrx_word' id='word_1_230' title='bbox 1120 2488 1165 2541; x_wconf 88' lang='lat' dir='ltr'><strong>sed</strong></span> <span class='ocrx_word' id='word_1_231' title='bbox 1189 2492 1217 2539; x_wconf 93' lang='lat' dir='ltr'><strong>et</strong></span> <span class='ocrx_word' id='word_1_232' title='bbox 1240 2503 1303 2540; x_wconf 85' lang='lat' dir='ltr'><strong>auro</strong></span> 
     </span>
     <span class='ocr_line' id='line_1_26' title="bbox 198 2557 1303 2631; baseline -0.005 -16"><span class='ocrx_word' id='word_1_233' title='bbox 198 2560 281 2615; x_wconf 78' lang='lat' dir='ltr'><strong>solido</strong></span> <span class='ocrx_word' id='word_1_234' title='bbox 301 2561 421 2616; x_wconf 82' lang='lat' dir='ltr'><strong>conflatis</strong></span> <span class='ocrx_word' id='word_1_235' title='bbox 440 2560 574 2613; x_wconf 82' lang='lat' dir='ltr'><strong>monilibus</strong></span> <span class='ocrx_word' id='word_1_236' title='bbox 591 2578 692 2614; x_wconf 83' lang='lat' dir='ltr'><strong>asseres</strong></span> <span class='ocrx_word' id='word_1_237' title='bbox 710 2560 885 2613; x_wconf 77' lang='lat' dir='ltr'><strong>circumfusum</strong></span> <span class='ocrx_word' id='word_1_238' title='bbox 902 2568 931 2612; x_wconf 91' lang='lat' dir='ltr'><strong>et</strong></span> <span class='ocrx_word' id='word_1_239' title='bbox 944 2558 1089 2611; x_wconf 84' lang='lat' dir='ltr'><strong>distinctum</strong></span> <span class='ocrx_word' id='word_1_240' title='bbox 1101 2557 1225 2631; x_wconf 89' lang='lat' dir='ltr'><strong>despotae</strong></span> <span class='ocrx_word' id='word_1_241' title='bbox 1236 2574 1303 2609; x_wconf 83' lang='grc' dir='ltr'><strong><em>σκα-</em></strong></span> 
     </span>
     <span class='ocr_line' id='line_1_27' title="bbox 198 2625 1302 2715; baseline -0.005 -33"><span class='ocrx_word' id='word_1_242' title='bbox 198 2627 332 2695; x_wconf 65' lang='lat' dir='ltr'><strong>odoenus.-</strong></span> <span class='ocrx_word' id='word_1_243' title='bbox 349 2625 467 2698; x_wconf 72' lang='lat' dir='ltr'><strong>lcdcipcu</strong></span> <span class='ocrx_word' id='word_1_244' title='bbox 482 2646 601 2698; x_wconf 88' lang='lat' dir='ltr'><strong>namque,</strong></span> <span class='ocrx_word' id='word_1_245' title='bbox 618 2629 662 2711; x_wconf 73' lang='lat' dir='ltr'><strong>qui</strong></span> <span class='ocrx_word' id='word_1_246' title='bbox 679 2645 731 2682; x_wconf 89' lang='lat' dir='ltr'><strong>uon</strong></span> <span class='ocrx_word' id='word_1_247' title='bbox 747 2630 854 2715; x_wconf 73' lang='lat' dir='ltr'><strong>uniones</strong></span> <span class='ocrx_word' id='word_1_248' title='bbox 868 2629 915 2683; x_wconf 87' lang='lat' dir='ltr'><strong>sed</strong></span> <span class='ocrx_word' id='word_1_249' title='bbox 931 2627 1009 2698; x_wconf 75' lang='lat' dir='ltr'><strong>lapilli</strong></span> <span class='ocrx_word' id='word_1_250' title='bbox 1026 2634 1085 2709; x_wconf 74' lang='lat' dir='ltr'><strong>sunt</strong></span> <span class='ocrx_word' id='word_1_251' title='bbox 1102 2626 1217 2708; x_wconf 76' lang='lat' dir='ltr'><strong>pretiosi,</strong></span> <span class='ocrx_word' id='word_1_252' title='bbox 1235 2640 1302 2677; x_wconf 87' lang='lat' dir='ltr'><strong>nou-</strong></span> 
     </span>
     <span class='ocr_line' id='line_1_28' title="bbox 138 2695 1302 2832; baseline -0.003 -12"><span class='ocrx_word' id='word_1_253' title='bbox 138 2788 143 2794; x_wconf 87' lang='lat'><strong>·</strong></span> <span class='ocrx_word' id='word_1_254' title='bbox 195 2698 873 2821; x_wconf 53' lang='lat' dir='ltr'><strong>”btttttlittltttemt⁰ttt”⁶⁰²ttt</strong></span> <span class='ocrx_word' id='word_1_255' title='bbox 883 2702 1060 2832; x_wconf 68' lang='lat' dir='ltr'><strong>tbtttti</strong></span> <span class='ocrx_word' id='word_1_256' title='bbox 1075 2695 1302 2831; x_wconf 43' lang='lat' dir='ltr'><strong>timiditati</strong></span> 
     </span>
     <span class='ocr_line' id='line_1_29' title="bbox 194 2775 1301 2907; baseline -0.005 -18"><span class='ocrx_word' id='word_1_257' title='bbox 194 2775 283 2907; x_wconf 48' lang='lat' dir='ltr'><strong>sopiatis</strong></span> <span class='ocrx_word' id='word_1_258' title='bbox 300 2804 417 2906; x_wconf 71' lang='lat' dir='ltr'><strong>resp’ergt</strong></span> <span class='ocrx_word' id='word_1_259' title='bbox 434 2841 462 2889; x_wconf 93' lang='lat' dir='ltr'><strong>et</strong></span> <span class='ocrx_word' id='word_1_260' title='bbox 478 2836 575 2889; x_wconf 85' lang='lat' dir='ltr'><strong>consui.</strong></span> <span class='ocrx_word' id='word_1_261' title='bbox 610 2785 829 2903; x_wconf 60' lang='lat' dir='ltr'><strong>Sandionysiaibs</strong></span> <span class='ocrx_word' id='word_1_262' title='bbox 845 2836 926 2889; x_wconf 84' lang='lat' dir='ltr'><strong>codex</strong></span> <span class='ocrx_word' id='word_1_263' title='bbox 945 2832 1080 2904; x_wconf 84' lang='lat' dir='ltr'><strong>palmarem</strong></span> <span class='ocrx_word' id='word_1_264' title='bbox 1104 2803 1206 2885; x_wconf 66' lang='lat' dir='ltr'><strong>limbum</strong></span> <span class='ocrx_word' id='word_1_265' title='bbox 1228 2849 1301 2901; x_wconf 86' lang='lat' dir='ltr'><strong>gem-</strong></span> 
     </span>
     <span class='ocr_line' id='line_1_30' title="bbox 195 2903 1026 2976; baseline 0 -17"><span class='ocrx_word' id='word_1_266' title='bbox 195 2906 246 2959; x_wconf 73' lang='lat' dir='ltr'><strong>mis</strong></span> <span class='ocrx_word' id='word_1_267' title='bbox 263 2911 292 2959; x_wconf 88' lang='lat' dir='ltr'><strong>et</strong></span> <span class='ocrx_word' id='word_1_268' title='bbox 307 2906 418 2976; x_wconf 85' lang='lat' dir='ltr'><strong>lapillis,</strong></span> <span class='ocrx_word' id='word_1_269' title='bbox 435 2911 466 2958; x_wconf 92' lang='lat' dir='ltr'><strong>ut</strong></span> <span class='ocrx_word' id='word_1_270' title='bbox 483 2909 606 2975; x_wconf 77' lang='lat' dir='ltr'><strong>apparet,</strong></span> <span class='ocrx_word' id='word_1_271' title='bbox 624 2904 723 2958; x_wconf 83' lang='lat' dir='ltr'><strong>varium</strong></span> <span class='ocrx_word' id='word_1_272' title='bbox 741 2905 797 2958; x_wconf 89' lang='lat' dir='ltr'><strong>eius</strong></span> <span class='ocrx_word' id='word_1_273' title='bbox 815 2904 882 2958; x_wconf 86' lang='lat' dir='ltr'><strong>resti</strong></span> <span class='ocrx_word' id='word_1_274' title='bbox 901 2903 1026 2973; x_wconf 82' lang='lat' dir='ltr'><strong>appingit.</strong></span> 
     </span>
    </p>

    <p class='ocr_par' dir='ltr' id='par_1_8' title="bbox 192 2980 1298 3199">
     <span class='ocr_line' id='line_1_31' title="bbox 263 2980 1298 3059; baseline -0.007 -15"><span class='ocrx_word' id='word_1_275' title='bbox 263 2992 328 3044; x_wconf 79' lang='lat' dir='ltr'><strong>ibid.</strong></span> <span class='ocrx_word' id='word_1_276' title='bbox 362 2987 491 3059; x_wconf 61' lang='lat' dir='ltr'><strong>teodoro]</strong></span> <span class='ocrx_word' id='word_1_277' title='bbox 507 2989 570 3042; x_wconf 81' lang='lat' dir='ltr'><strong>vide</strong></span> <span class='ocrx_word' id='word_1_278' title='bbox 585 2989 771 3057; x_wconf 79' lang='lat' dir='ltr'><strong>degenerantes</strong></span> <span class='ocrx_word' id='word_1_279' title='bbox 786 2990 813 3042; x_wconf 92' lang='lat' dir='ltr'><strong>in</strong></span> <span class='ocrx_word' id='word_1_280' title='bbox 829 2988 974 3043; x_wconf 85' lang='lat' dir='ltr'><strong>barbariem</strong></span> <span class='ocrx_word' id='word_1_281' title='bbox 990 3004 1067 3040; x_wconf 85' lang='lat' dir='ltr'><strong>voces</strong></span> <span class='ocrx_word' id='word_1_282' title='bbox 1085 2988 1147 3051; x_wconf 86' lang='lat' dir='ltr'><strong>has,</strong></span> <span class='ocrx_word' id='word_1_283' title='bbox 1171 2980 1298 3052; x_wconf 59' lang='lat' dir='ltr'><strong>truciora,</strong></span> 
     </span>
     <span class='ocr_line' id='line_1_32' title="bbox 192 3054 1298 3129; baseline -0.005 -17"><span class='ocrx_word' id='word_1_284' title='bbox 192 3054 414 3129; x_wconf 73' lang='grc' dir='ltr'><strong><em>μαργαριτάρια,</em></strong></span> <span class='ocrx_word' id='word_1_285' title='bbox 433 3067 476 3125; x_wconf 91' lang='lat' dir='ltr'><strong>et,</strong></span> <span class='ocrx_word' id='word_1_286' title='bbox 492 3058 526 3111; x_wconf 90' lang='lat' dir='ltr'><strong>de</strong></span> <span class='ocrx_word' id='word_1_287' title='bbox 541 3058 633 3128; x_wconf 83' lang='lat' dir='ltr'><strong>quibus</strong></span> <span class='ocrx_word' id='word_1_288' title='bbox 649 3076 739 3128; x_wconf 85' lang='lat' dir='ltr'><strong>nuper,</strong></span> <span class='ocrx_word' id='word_1_289' title='bbox 755 3054 916 3128; x_wconf 75' lang='grc' dir='ltr'><strong>χνλινᾶρια.</strong></span> <span class='ocrx_word' id='word_1_290' title='bbox 952 3074 1051 3129; x_wconf 85' lang='lat' dir='ltr'><strong>paucae</strong></span> <span class='ocrx_word' id='word_1_291' title='bbox 1068 3062 1127 3109; x_wconf 90' lang='lat' dir='ltr'><strong>sunt</strong></span> <span class='ocrx_word' id='word_1_292' title='bbox 1142 3073 1174 3107; x_wconf 87' lang='lat' dir='ltr'><strong>ex</strong></span> <span class='ocrx_word' id='word_1_293' title='bbox 1190 3055 1298 3107; x_wconf 87' lang='lat' dir='ltr'><strong>immen-</strong></span> 
     </span>
     <span class='ocr_line' id='line_1_33' title="bbox 192 3134 730 3199; baseline -0.002 -16"><span class='ocrx_word' id='word_1_294' title='bbox 192 3144 242 3199; x_wconf 75' lang='lat' dir='ltr'><strong>so,</strong></span> <span class='ocrx_word' id='word_1_295' title='bbox 258 3144 334 3198; x_wconf 86' lang='lat' dir='ltr'><strong>quem</strong></span> <span class='ocrx_word' id='word_1_296' title='bbox 349 3134 432 3181; x_wconf 87' lang='lat' dir='ltr'><strong>tumet</strong></span> <span class='ocrx_word' id='word_1_297' title='bbox 445 3144 595 3196; x_wconf 72' lang='lat' dir='ltr'><strong>recenseat,</strong></span> <span class='ocrx_word' id='word_1_298' title='bbox 615 3144 730 3182; x_wconf 84' lang='lat' dir='ltr'><strong>numero.</strong></span> 
     </span>
    </p>
   </div>
   <div class='ocr_carea' id='block_1_7' title="bbox 174 3208 1296 4152">
    <p class='ocr_par' dir='ltr' id='par_1_9' title="bbox 174 3208 1296 4152">
     <span class='ocr_line' id='line_1_34' title="bbox 179 3208 1295 3296; baseline -0.013 -13"><span class='ocrx_word' id='word_1_299' title='bbox 179 3215 182 3219; x_wconf 55' lang='grc'><strong>’</strong></span> <span class='ocrx_word' id='word_1_300' title='bbox 278 3218 317 3275; x_wconf 77' lang='lat' dir='ltr'><strong>t‘b·</strong></span> <span class='ocrx_word' id='word_1_301' title='bbox 339 3234 366 3278; x_wconf 82' lang='lat' dir='ltr'><strong>v.</strong></span> <span class='ocrx_word' id='word_1_302' title='bbox 385 3220 434 3281; x_wconf 82' lang='lat'><strong>17.</strong></span> <span class='ocrx_word' id='word_1_303' title='bbox 453 3209 638 3296; x_wconf 78' lang='grc' dir='ltr'><strong><em>καββᾶδνον]</em></strong></span> <span class='ocrx_word' id='word_1_304' title='bbox 657 3216 788 3275; x_wconf 83' lang='lat' dir='ltr'><strong>scribitur</strong></span> <span class='ocrx_word' id='word_1_305' title='bbox 804 3216 888 3277; x_wconf 88' lang='lat' dir='ltr'><strong>etiam</strong></span> <span class='ocrx_word' id='word_1_306' title='bbox 902 3208 1070 3295; x_wconf 77' lang='grc' dir='ltr'><strong><em>καββᾶὃης,</em></strong></span> <span class='ocrx_word' id='word_1_307' title='bbox 1086 3210 1295 3291; x_wconf 62' lang='lat' dir='ltr'><strong>rettudimus,</strong></span> 
     </span>
     <span class='ocr_line' id='line_1_35' title="bbox 191 3295 1296 3381; baseline -0.011 -18"><span class='ocrx_word' id='word_1_308' title='bbox 191 3295 355 3381; x_wconf 77' lang='grc' dir='ltr'><strong><em>καββνὶδιν.</em></strong></span> <span class='ocrx_word' id='word_1_309' title='bbox 388 3302 486 3361; x_wconf 86' lang='lat' dir='ltr'><strong>Iunius</strong></span> <span class='ocrx_word' id='word_1_310' title='bbox 510 3303 713 3378; x_wconf 83' lang='lat' dir='ltr'><strong>interpretatur</strong></span> <span class='ocrx_word' id='word_1_311' title='bbox 734 3304 854 3363; x_wconf 81' lang='lat' dir='ltr'><strong>tunicam</strong></span> <span class='ocrx_word' id='word_1_312' title='bbox 882 3302 1036 3359; x_wconf 77' lang='lat' dir='ltr'><strong>bonuutonr</strong></span> <span class='ocrx_word' id='word_1_313' title='bbox 1059 3303 1085 3355; x_wconf 86' lang='lat' dir='ltr'><strong>et</strong></span> <span class='ocrx_word' id='word_1_314' title='bbox 1109 3314 1216 3374; x_wconf 82' lang='lat' dir='ltr'><strong>puram.</strong></span> <span class='ocrx_word' id='word_1_315' title='bbox 1244 3298 1296 3352; x_wconf 92' lang='lat' dir='ltr'><strong>sed</strong></span> 
     </span>
     <span class='ocr_line' id='line_1_36' title="bbox 191 3375 1296 3464; baseline -0.006 -21"><span class='ocrx_word' id='word_1_316' title='bbox 191 3388 520 3447; x_wconf 83' lang='lat' dir='ltr'><strong>Graecumretineamus.</strong></span> <span class='ocrx_word' id='word_1_317' title='bbox 562 3387 753 3464; x_wconf 81' lang='lat' dir='ltr'><strong>Glossarium,</strong></span> <span class='ocrx_word' id='word_1_318' title='bbox 774 3406 801 3445; x_wconf 80' lang='lat' dir='ltr'><strong>v.</strong></span> <span class='ocrx_word' id='word_1_319' title='bbox 821 3377 940 3463; x_wconf 76' lang='grc' dir='ltr'><strong><em>πάμβα,</em></strong></span> <span class='ocrx_word' id='word_1_320' title='bbox 961 3385 1029 3443; x_wconf 88' lang='lat' dir='ltr'><strong>dicit</strong></span> <span class='ocrx_word' id='word_1_321' title='bbox 1045 3375 1214 3461; x_wconf 78' lang='grc' dir='ltr'><strong><em>καββάδιον</em></strong></span> <span class='ocrx_word' id='word_1_322' title='bbox 1233 3398 1296 3437; x_wconf 85' lang='lat' dir='ltr'><strong>esse</strong></span> 
     </span>
     <span class='ocr_line' id='line_1_37' title="bbox 174 3466 1296 3554; baseline -0.009 -23"><span class='ocrx_word' id='word_1_323' title='bbox 174 3474 387 3543; x_wconf 79' lang='lat' dir='ltr'><strong>&#39;diminutivum</strong></span> <span class='ocrx_word' id='word_1_324' title='bbox 405 3493 424 3531; x_wconf 90' lang='lat' dir='ltr'><strong>a</strong></span> <span class='ocrx_word' id='word_1_325' title='bbox 437 3468 599 3554; x_wconf 71' lang='lat' dir='ltr'><strong>adopta-vel</strong></span> <span class='ocrx_word' id='word_1_326' title='bbox 615 3469 735 3552; x_wconf 72' lang='grc' dir='ltr'><strong><em>νάββαε</em></strong></span> <span class='ocrx_word' id='word_1_327' title='bbox 756 3476 907 3545; x_wconf 88' lang='lat' dir='ltr'><strong>utrumque</strong></span> <span class='ocrx_word' id='word_1_328' title='bbox 927 3470 1001 3528; x_wconf 87' lang='lat' dir='ltr'><strong>enim</strong></span> <span class='ocrx_word' id='word_1_329' title='bbox 1022 3467 1137 3525; x_wconf 85' lang='lat' dir='ltr'><strong>Graecis</strong></span> <span class='ocrx_word' id='word_1_330' title='bbox 1155 3466 1296 3543; x_wconf 88' lang='lat' dir='ltr'><strong>usurpari,</strong></span> 
     </span>
     <span class='ocr_line' id='line_1_38' title="bbox 189 3547 1295 3639; baseline -0.009 -22"><span class='ocrx_word' id='word_1_331' title='bbox 189 3558 264 3617; x_wconf 85' lang='lat' dir='ltr'><strong>sicut</strong></span> <span class='ocrx_word' id='word_1_332' title='bbox 290 3552 481 3639; x_wconf 71' lang='grc' dir='ltr'><strong><em>μαμπᾶριον,</em></strong></span> <span class='ocrx_word' id='word_1_333' title='bbox 511 3564 542 3615; x_wconf 92' lang='lat' dir='ltr'><strong>et</strong></span> <span class='ocrx_word' id='word_1_334' title='bbox 565 3552 756 3637; x_wconf 75' lang='grc' dir='ltr'><strong><em>μαππᾶριον,</em></strong></span> <span class='ocrx_word' id='word_1_335' title='bbox 782 3548 952 3636; x_wconf 80' lang='grc' dir='ltr'><strong><em>τνμπᾶριον</em></strong></span> <span class='ocrx_word' id='word_1_336' title='bbox 970 3560 1000 3612; x_wconf 89' lang='lat' dir='ltr'><strong>et</strong></span> <span class='ocrx_word' id='word_1_337' title='bbox 1013 3547 1192 3633; x_wconf 76' lang='grc' dir='ltr'><strong><em>ταππὰριον.</em></strong></span> <span class='ocrx_word' id='word_1_338' title='bbox 1220 3552 1295 3609; x_wconf 86' lang='lat' dir='ltr'><strong>forte</strong></span> 
     </span>
     <span class='ocr_line' id='line_1_39' title="bbox 189 3636 1290 3721; baseline -0.005 -20"><span class='ocrx_word' id='word_1_339' title='bbox 189 3645 306 3703; x_wconf 87' lang='lat' dir='ltr'><strong>taudem</strong></span> <span class='ocrx_word' id='word_1_340' title='bbox 320 3644 422 3702; x_wconf 81' lang='lat' dir='ltr'><strong>existet</strong></span> <span class='ocrx_word' id='word_1_341' title='bbox 436 3643 484 3721; x_wconf 89' lang='lat' dir='ltr'><strong>qui</strong></span> <span class='ocrx_word' id='word_1_342' title='bbox 498 3662 516 3701; x_wconf 89' lang='lat' dir='ltr'><strong>a</strong></span> <span class='ocrx_word' id='word_1_343' title='bbox 529 3642 650 3702; x_wconf 84' lang='lat' dir='ltr'><strong>Cobbode</strong></span> <span class='ocrx_word' id='word_1_344' title='bbox 659 3660 726 3719; x_wconf 84' lang='lat' dir='ltr'><strong>rege</strong></span> <span class='ocrx_word' id='word_1_345' title='bbox 739 3639 887 3700; x_wconf 88' lang='lat' dir='ltr'><strong>Persarum</strong></span> <span class='ocrx_word' id='word_1_346' title='bbox 904 3640 1039 3719; x_wconf 82' lang='lat' dir='ltr'><strong>originem</strong></span> <span class='ocrx_word' id='word_1_347' title='bbox 1056 3641 1110 3699; x_wconf 80' lang='grc' dir='ltr'><strong>τοῦ</strong></span> <span class='ocrx_word' id='word_1_348' title='bbox 1122 3636 1290 3717; x_wconf 81' lang='grc' dir='ltr'><strong><em>καββαδίον</em></strong></span> 
     </span>
     <span class='ocr_line' id='line_1_40' title="bbox 188 3720 1290 3807; baseline -0.007 -21"><span class='ocrx_word' id='word_1_349' title='bbox 188 3734 285 3807; x_wconf 80' lang='lat' dir='ltr'><strong>petat,</strong></span> <span class='ocrx_word' id='word_1_350' title='bbox 305 3748 369 3787; x_wconf 86' lang='lat' dir='ltr'><strong>eum</strong></span> <span class='ocrx_word' id='word_1_351' title='bbox 381 3732 554 3788; x_wconf 71' lang='lat' dir='ltr'><strong>serraricum</strong></span> <span class='ocrx_word' id='word_1_352' title='bbox 567 3728 725 3787; x_wconf 80' lang='lat' dir='ltr'><strong>colludium</strong></span> <span class='ocrx_word' id='word_1_353' title='bbox 739 3733 768 3785; x_wconf 90' lang='lat' dir='ltr'><strong>et</strong></span> <span class='ocrx_word' id='word_1_354' title='bbox 778 3725 942 3804; x_wconf 77' lang='lat' dir='ltr'><strong>placentium</strong></span> <span class='ocrx_word' id='word_1_355' title='bbox 963 3726 999 3783; x_wconf 89' lang='lat' dir='ltr'><strong>ab</strong></span> <span class='ocrx_word' id='word_1_356' title='bbox 1013 3724 1134 3800; x_wconf 85' lang='lat' dir='ltr'><strong>Assyriis</strong></span> <span class='ocrx_word' id='word_1_357' title='bbox 1148 3724 1185 3781; x_wconf 84' lang='lat' dir='ltr'><strong>ad</strong></span> <span class='ocrx_word' id='word_1_358' title='bbox 1201 3720 1290 3781; x_wconf 83' lang='lat' dir='ltr'><strong>Grae-</strong></span> 
     </span>
     <span class='ocr_line' id='line_1_41' title="bbox 189 3806 1291 3891; baseline -0.008 -20"><span class='ocrx_word' id='word_1_359' title='bbox 189 3833 239 3871; x_wconf 87' lang='lat' dir='ltr'><strong>cos</strong></span> <span class='ocrx_word' id='word_1_360' title='bbox 253 3816 391 3891; x_wconf 85' lang='lat' dir='ltr'><strong>venerint,</strong></span> <span class='ocrx_word' id='word_1_361' title='bbox 407 3821 442 3872; x_wconf 91' lang='lat' dir='ltr'><strong>ut</strong></span> <span class='ocrx_word' id='word_1_362' title='bbox 453 3814 527 3873; x_wconf 83' lang='lat' dir='ltr'><strong>infra</strong></span> <span class='ocrx_word' id='word_1_363' title='bbox 542 3832 577 3871; x_wconf 88' lang='lat' dir='ltr'><strong>ex</strong></span> <span class='ocrx_word' id='word_1_364' title='bbox 590 3813 702 3870; x_wconf 89' lang='lat' dir='ltr'><strong>Codino</strong></span> <span class='ocrx_word' id='word_1_365' title='bbox 717 3814 856 3871; x_wconf 86' lang='lat' dir='ltr'><strong>discemus</strong></span> <span class='ocrx_word' id='word_1_366' title='bbox 870 3832 893 3871; x_wconf 90' lang='lat' dir='ltr'><strong>c.</strong></span> <span class='ocrx_word' id='word_1_367' title='bbox 909 3816 938 3877; x_wconf 85' lang='lat'><strong>6.</strong></span> <span class='ocrx_word' id='word_1_368' title='bbox 960 3809 1103 3887; x_wconf 89' lang='lat' dir='ltr'><strong>probabile</strong></span> <span class='ocrx_word' id='word_1_369' title='bbox 1118 3815 1163 3865; x_wconf 90' lang='lat' dir='ltr'><strong>est</strong></span> <span class='ocrx_word' id='word_1_370' title='bbox 1178 3806 1291 3864; x_wconf 82' lang='lat' dir='ltr'><strong>formari</strong></span> 
     </span>
     <span class='ocr_line' id='line_1_42' title="bbox 187 3891 1289 3978; baseline -0.01 -18"><span class='ocrx_word' id='word_1_371' title='bbox 187 3894 358 3978; x_wconf 79' lang='grc' dir='ltr'><strong><em>καββᾶδιον</em></strong></span> <span class='ocrx_word' id='word_1_372' title='bbox 376 3898 507 3957; x_wconf 86' lang='lat' dir='ltr'><strong>aLatino</strong></span> <span class='ocrx_word' id='word_1_373' title='bbox 524 3918 619 3976; x_wconf 86' lang='lat' dir='ltr'><strong>cappa.</strong></span> <span class='ocrx_word' id='word_1_374' title='bbox 642 3899 716 3957; x_wconf 85' lang='lat' dir='ltr'><strong>infra</strong></span> <span class='ocrx_word' id='word_1_375' title='bbox 739 3899 807 3973; x_wconf 90' lang='lat' dir='ltr'><strong>quid</strong></span> <span class='ocrx_word' id='word_1_376' title='bbox 825 3898 863 3955; x_wconf 90' lang='lat' dir='ltr'><strong>sit</strong></span> <span class='ocrx_word' id='word_1_377' title='bbox 881 3891 1048 3976; x_wconf 77' lang='grc' dir='ltr'><strong><em>καββάὸιον</em></strong></span> <span class='ocrx_word' id='word_1_378' title='bbox 1066 3894 1217 3973; x_wconf 85' lang='lat' dir='ltr'><strong>explicatur</strong></span> <span class='ocrx_word' id='word_1_379' title='bbox 1239 3893 1289 3949; x_wconf 85' lang='lat' dir='ltr'><strong>ad-</strong></span> 
     </span>
     <span class='ocr_line' id='line_1_43' title="bbox 188 3973 1271 4069; baseline 0 -28"><span class='ocrx_word' id='word_1_380' title='bbox 188 3984 250 4042; x_wconf 84' lang='lat' dir='ltr'><strong>ditu</strong></span> <span class='ocrx_word' id='word_1_381' title='bbox 266 3985 319 4044; x_wconf 87' lang='lat' dir='ltr'><strong>huc</strong></span> <span class='ocrx_word' id='word_1_382' title='bbox 335 3985 445 4063; x_wconf 76' lang='lat' dir='ltr'><strong>exegesi</strong></span> <span class='ocrx_word' id='word_1_383' title='bbox 464 3978 633 4063; x_wconf 72' lang='grc' dir='ltr'><strong><em>παββᾶδνον</em></strong></span> <span class='ocrx_word' id='word_1_384' title='bbox 646 3980 755 4063; x_wconf 54' lang='lat' dir='ltr'><strong>bussei</strong></span> <span class='ocrx_word' id='word_1_385' title='bbox 769 3978 873 4045; x_wconf 76' lang='grc' dir='ltr'><strong><em>ἐπάνω</em></strong></span> <span class='ocrx_word' id='word_1_386' title='bbox 887 3980 1000 4060; x_wconf 70' lang='grc' dir='ltr'><strong><em>ἔνδυμα</em></strong></span> <span class='ocrx_word' id='word_1_387' title='bbox 1014 3973 1147 4057; x_wconf 75' lang='grc' dir='ltr'><strong><em>πάντων,</em></strong></span> <span class='ocrx_word' id='word_1_388' title='bbox 1265 4059 1271 4069; x_wconf 32' lang='lat'>¹</span> 
     </span>
     <span class='ocr_line' id='line_1_44' title="bbox 258 4075 1287 4152; baseline -0.008 -17"><span class='ocrx_word' id='word_1_389' title='bbox 258 4082 388 4137; x_wconf 81' lang='lat' dir='ltr'><strong>occurret</strong></span> <span class='ocrx_word' id='word_1_390' title='bbox 407 4098 585 4151; x_wconf 78' lang='lat' dir='ltr'><strong>nonnunquam</strong></span> <span class='ocrx_word' id='word_1_391' title='bbox 606 4097 656 4134; x_wconf 91' lang='lat' dir='ltr'><strong>uuo</strong></span> <span class='ocrx_word' id='word_1_392' title='bbox 680 4080 698 4152; x_wconf 79' lang='lat' dir='ltr'><strong>{i</strong></span> <span class='ocrx_word' id='word_1_393' title='bbox 721 4080 858 4147; x_wconf 87' lang='lat' dir='ltr'><strong>minutum,</strong></span> <span class='ocrx_word' id='word_1_394' title='bbox 880 4075 1034 4150; x_wconf 67' lang='lat' dir='ltr'><strong>uodelricus,</strong></span> <span class='ocrx_word' id='word_1_395' title='bbox 1063 4078 1106 4132; x_wconf 85' lang='lat' dir='ltr'><strong>vel</strong></span> <span class='ocrx_word' id='word_1_396' title='bbox 1136 4077 1212 4133; x_wconf 80' lang='lat' dir='ltr'><strong>etium</strong></span> <span class='ocrx_word' id='word_1_397' title='bbox 1239 4090 1287 4127; x_wconf 87' lang='lat' dir='ltr'><strong>ex-</strong></span> 
     </span>
    </p>
   </div>
   <div class='ocr_carea' id='block_1_8' title="bbox 186 4141 1286 4361">
    <p class='ocr_par' dir='ltr' id='par_1_10' title="bbox 186 4141 1286 4361">
     <span class='ocr_line' id='line_1_45' title="bbox 186 4141 1286 4223; baseline -0.01 -20"><span class='ocrx_word' id='word_1_398' title='bbox 186 4155 271 4205; x_wconf 85' lang='lat' dir='ltr'><strong>trema</strong></span> <span class='ocrx_word' id='word_1_399' title='bbox 287 4152 389 4221; x_wconf 83' lang='lat' dir='ltr'><strong>syllaba</strong></span> <span class='ocrx_word' id='word_1_400' title='bbox 412 4170 460 4223; x_wconf 88' lang='lat' dir='ltr'><strong>pro</strong></span> <span class='ocrx_word' id='word_1_401' title='bbox 484 4156 604 4221; x_wconf 88' lang='lat' dir='ltr'><strong>corrupto</strong></span> <span class='ocrx_word' id='word_1_402' title='bbox 628 4150 747 4219; x_wconf 89' lang='lat' dir='ltr'><strong>loquendi</strong></span> <span class='ocrx_word' id='word_1_403' title='bbox 773 4166 821 4203; x_wconf 89' lang='lat' dir='ltr'><strong>usu</strong></span> <span class='ocrx_word' id='word_1_404' title='bbox 842 4156 1001 4213; x_wconf 86' lang='lat' dir='ltr'><strong>truncatum,</strong></span> <span class='ocrx_word' id='word_1_405' title='bbox 1027 4144 1141 4219; x_wconf 76' lang='grc' dir='ltr'><strong>ναβάὸι.</strong></span> <span class='ocrx_word' id='word_1_406' title='bbox 1165 4142 1227 4215; x_wconf 89' lang='lat' dir='ltr'><strong>quid</strong></span> <span class='ocrx_word' id='word_1_407' title='bbox 1252 4141 1286 4193; x_wconf 89' lang='lat' dir='ltr'><strong>sit</strong></span> 
     </span>
     <span class='ocr_line' id='line_1_46' title="bbox 186 4212 1285 4290; baseline -0.009 -17"><span class='ocrx_word' id='word_1_408' title='bbox 186 4219 296 4289; x_wconf 82' lang='lat' dir='ltr'><strong>exponit</strong></span> <span class='ocrx_word' id='word_1_409' title='bbox 315 4220 418 4275; x_wconf 82' lang='lat' dir='ltr'><strong>Pectius</strong></span> <span class='ocrx_word' id='word_1_410' title='bbox 439 4222 466 4275; x_wconf 88' lang='lat' dir='ltr'><strong>iu</strong></span> <span class='ocrx_word' id='word_1_411' title='bbox 494 4220 605 4274; x_wconf 77' lang='lat' dir='ltr'><strong>Lexioe:</strong></span> <span class='ocrx_word' id='word_1_412' title='bbox 633 4214 738 4290; x_wconf 75' lang='grc' dir='ltr'><strong><em>ννβᾶδι</em></strong></span> <span class='ocrx_word' id='word_1_413' title='bbox 762 4215 900 4288; x_wconf 65' lang='lat' dir='ltr'><strong>eddesius,</strong></span> <span class='ocrx_word' id='word_1_414' title='bbox 931 4214 1081 4288; x_wconf 67' lang='lat' dir='ltr'><strong>tripleurus,</strong></span> <span class='ocrx_word' id='word_1_415' title='bbox 1102 4213 1194 4283; x_wconf 79' lang='grc' dir='ltr'><strong>σάγος.</strong></span> <span class='ocrx_word' id='word_1_416' title='bbox 1236 4212 1285 4265; x_wconf 92' lang='lat' dir='ltr'><strong>du-</strong></span> 
     </span>
     <span class='ocr_line' id='line_1_47' title="bbox 186 4286 1285 4361; baseline -0.003 -19"><span class='ocrx_word' id='word_1_417' title='bbox 186 4286 281 4361; x_wconf 83' lang='lat' dir='ltr'><strong>plicem</strong></span> <span class='ocrx_word' id='word_1_418' title='bbox 297 4290 323 4343; x_wconf 92' lang='lat' dir='ltr'><strong>in</strong></span> <span class='ocrx_word' id='word_1_419' title='bbox 339 4291 457 4347; x_wconf 72' lang='lat' dir='ltr'><strong>lentiliaci</strong></span> <span class='ocrx_word' id='word_1_420' title='bbox 479 4308 597 4347; x_wconf 86' lang='lat' dir='ltr'><strong>sermone</strong></span> <span class='ocrx_word' id='word_1_421' title='bbox 613 4289 757 4355; x_wconf 20' lang='lat' dir='ltr'><strong>‘obseruari</strong></span> <span class='ocrx_word' id='word_1_422' title='bbox 778 4288 905 4355; x_wconf 81' lang='lat' dir='ltr'><strong>tunicum,</strong></span> <span class='ocrx_word' id='word_1_423' title='bbox 928 4286 1071 4341; x_wconf 85' lang='lat' dir='ltr'><strong>interiorem</strong></span> <span class='ocrx_word' id='word_1_424' title='bbox 1095 4291 1123 4339; x_wconf 91' lang='lat' dir='ltr'><strong>et</strong></span> <span class='ocrx_word' id='word_1_425' title='bbox 1147 4290 1285 4339; x_wconf 83' lang='lat' dir='ltr'><strong>externum.</strong></span> 
     </span>
    </p>
   </div>
   <div class='ocr_carea' id='block_1_9' title="bbox 0 0 1542 4867">
    <p class='ocr_par' dir='ltr' id='par_1_11' title="bbox 0 0 1542 4867">
     <span class='ocr_line' id='line_1_48' title="bbox 0 0 1542 4867; baseline 0 10"><span class='ocrx_word' id='word_1_426' title='bbox 0 0 1542 4867; x_wconf 95' lang='lat' dir='ltr'><strong> </strong></span> 
     </span>
    </p>
   </div>
  </div>
 </body>
</html>
