3075 4867
459 313 516 382 DE
541 311 718 382 OFFICIIS
743 313 803 382 GP.
829 313 915 382 GAP.
937 313 1021 381 XX.
1209 313 1286 391 ,103

193 485 349 570 ποιμένων
363 482 422 564 ἔξω
435 489 489 550 τοῦ
503 475 735 572 διαφράγματος
749 487 828 570 μετὰ
842 491 904 554 τῶν
918 481 1110 572 παρασήμων
1124 487 1175 549 καὶ
1192 507 1286 573 φορε-

126 663 132 670 ,
192 587 296 672 μάτων
314 588 425 654 aristis.
474 591 523 654 καδ
540 585 656 675 θρόνου
675 589 820 676 ηἐροινέσυ
842 590 983 666 τεθέντος
1003 587 1082 653 κατὰ
1097 587 1132 653 τδ
1146 593 1203 654 τοῦ
1218 614 1285 675 τρι-

193 695 292 758 κλίνον
307 693 409 780 τρίτον
423 686 516 779 μέρος
537 690 597 756 άπὸ
618 699 673 756 τοῦ
693 694 798 774 τοίχου
814 687 891 779 πρὸς
907 692 961 758 τδν
975 691 1121 773 βασιλέα,
1145 716 1283 777 περισκε-

192 795 324 878 τιομὲνου
347 795 399 862 διδ
419 797 546 876 βλατίου
561 801 695 879 χρυσοῦ,
731 794 849 884 ἔρχεται
870 792 1077 880 δ’δπάψηφσς
1096 791 1285 880 πατριάρχης

165 894 375 986 5(ὓπάψηφος
388 895 447 984 μὰρ
461 898 549 984 μέχρι
568 894 635 962 τότε
651 897 788 982 λέγεται)
805 901 856 962 καὶ
869 900 987 976 καθιζει
1001 897 1051 962 ἐπ’
1066 897 1170 963 αὐτοῦ.
1219 894 1284 962 εἶτα

190 1007 250 1068 τῶν
261 1002 396 1084 βλατίων
408 1007 462 1066 τοῦ
479 997 711 1086 διαφράγματος
727 1001 894 1086 αἰρομένων
908 1000 1082 1066 ἀνίστανται
1103 995 1283 1086 ἀμφότεροι,
1300 1004 1324 1057 0

190 1105 241 1168 καὶ
257 1101 366 1192 πάντες
381 1103 487 1170 αὐτίκα
501 1105 757 1188 πολυχρονίζουσι.
809 1105 859 1168 καὶ
872 1104 950 1186 μετὰ
963 1110 1054 1168 τοῦτο
1074 1103 1128 1168 οὐκ
1147 1102 1208 1167 cinci
1224 1109 1285 1168 τῶν

190 1204 371 1290 ἀξιωμάτων
379 1233 436 1286 τις,
453 1207 539 1271 τοῦτ’
550 1205 630 1274 ἔστιν
642 1205 663 1290 ἢ
673 1202 821 1290 δεσπότης
830 1205 850 1290 ἢ
859 1203 1113 1292 σεβαστοκράτωρ
1121 1204 1140 1289 ἢ
1149 1206 1285 1292 Καῖσαρ,

190 1309 275 1398 φέρει
287 1309 340 1403 τὸν
347 1307 515 1396 άπάφηφον
525 1308 611 1392 (οὐδὲ
621 1309 679 1396 γάρ
692 1313 874 1394 ένδημσῦσιν
887 1301 969 1374 οὗτοι
983 1320 1049 1385 ταῖς
1060 1314 1121 1374 τῶν
1132 1334 1285 1395 πατριαρ-

146 1424 183 1480 10
184 1418 251 1496 χῶν
264 1409 449 1498 προβλήσεσι
461 1418 499 1498 τῇ
515 1413 598 1502 strip
614 1408 659 1477 ὅτι
674 1419 729 1480 τοῦ
739 1405 934 1499 ’πατριάρχου
949 1411 1124 1495 καθημένου
1139 1407 1287 1476 άνοικεῖάν

188 1517 270 1581 ἐστιν
289 1517 440 1582 ἵστασθαι
464 1511 608 1590 τούτους·
635 1511 725 1580 πάλιν
750 1516 783 1580 δέ
803 1523 858 1600 τῆς
879 1522 941 1582 τῶν
963 1515 1115 1598 βασιλέων
1134 1512 1287 1600 εὖφημίας

187 1618 344 1703 χωομένης
356 1619 411 1708 cria
424 1617 538 1704 ipsisne
555 1613 681 1694 τούτους
694 1623 872 1702 καθῆσθαι·
891 1617 943 1682 διὰ
956 1624 1047 1684 τοῦτο
1061 1619 1111 1681 καὶ
1128 1616 1163 1683 οὐ
1176 1613 1286 1703 πάρει-

187 1721 252 1804 σιν)
267 1721 336 1786 ἀλλ’
357 1720 417 1786 άπδ
431 1728 491 1786 τῶν
502 1717 655 1806 άρχάντων
667 1716 683 1786 δ
696 1722 899 1808 κρείττωνκαὶ
914 1717 1141 1808 διαφοράτερος
1152 1719 1285 1802 ἐπαίρων

188 1823 243 1888 διά
261 1822 366 1912 χειρὸς
394 1825 478 1910 φέρει
500 1829 606 1916 τοῦτον
633 1822 808 1912 έμπροσθεν
828 1830 884 1906 τῆς
909 1821 1102 1910 άναβάθρυις.
1152 1828 1208 1887 τοῦ
1230 1813 1285 1886 σάν

144 1939 178 1994 15
188 1932 409 2015 πατριαρχικοῦ
429 1927 594 1990 δικανικίου
616 1927 708 1990 έκεΐσε
730 1927 762 1990 ἐν
779 1931 823 2014 τῷ
837 1925 961 2012 ῥηθέντι
973 1923 1186 2013 διαφράγματι
1203 1920 1286 2011 εὕρι-

187 2030 353 2113 σκομένου,
372 2030 476 2111 λαβὼν
495 2035 585 2093 τοῦτο
608 2025 624 2092 ὃ
645 2029 790 2111 βασιλεὺς
812 2028 863 2092 διά
881 2054 962 2105 τινος
976 2035 1037 2094 τῶν
1048 2029 1093 2112 μὴ
1107 2023 1286 2114 φοροάντων

187 2131 311 2199 σκιάδια
327 2134 462 2218 εὐμενῶν,
488 2131 649 2215 ἱσταμένου
669 2134 720 2195 καὶ
734 2138 790 2196 τοῦ
801 2133 951 2212 βασιλέως
963 2133 1014 2194 καὶ
1025 2139 1080 2195 τοῦ
1092 2130 1160 2194 υἱοῦ
1177 2129 1281 2205 αὐτοῦ,
1299 2134 1323 2187 ⁰

188 2239 215 2302 ri
227 2233 371 2322 πάρεστιν
388 2235 497 2314 ἐκεῖσε,
521 2232 638 2320 μεγάλῃ
663 2241 750 2320 φωνῇ
774 2233 851 2318 λέγει
871 2233 967 2310 οὕτως
983 2230 1026 2316 “b
1041 2230 1114 2318 ἁγία
1125 2232 1213 2319 τριὰς
1231 2230 1283 2294 διὰ

186 2345 242 2422 τῆς
263 2339 342 2426 παρ’
359 2338 453 2420 αὐτῆς
470 2339 661 2424 δωρηθείσης
676 2333 749 2420 ἡμῖν
760 2338 917 2417 βασιλείας
928 2333 1135 2421 προβάλλεταί
1146 2359 1180 2400 σε
1195 2335 1284 2421 άρχιὲ

143 2443 348 2511 Ξθτπίσκοπον
370 2437 734 2521 Κωνσταντινουπόλεως,
760 2439 830 2514 νέας
845 2436 985 2522 Ῥώμης,
1008 2441 1059 2503 καὶ
1078 2435 1284 2521 οἰκουμενικδν

186 2541 413 2630 πατριάρχην.”
466 2545 516 2608 καὶ
540 2539 636 2618 οὕτως
656 2541 764 2606 αάτίκα
782 2543 1030 2627 πολυχρονίζουσι
1049 2538 1168 2616 πάντες.
1220 2535 1284 2602 εἶτα

187 2645 205 2712 δ
220 2645 409 2735 πατριάρχης
421 2645 469 2710 δαὶ
484 2654 539 2730 τῆς
553 2643 739 2732 άναβάθρας
755 2643 894 2710 άνελθιδν
904 2642 1052 2728 λαμβάνει
1069 2643 1104 2708 τὸ
1120 2642 1283 2739 δικανίκιον

257 2841 291 2894 12
307 2837 494 2908 χωομένηςΡ
615 2837 648 2898 15
665 2834 877 2906 πατριάρχουΡ
934 2835 938 2843 ’
986 2834 1054 2905 libri
1071 2833 1125 2906 τὴν
1141 2833 1284 2907 βασιλείαν

254 2907 434 2978 δωρησαμένη
449 2905 516 2976 ἡμῖν
535 2908 558 2963 Α

185 3077 254 3134 clari
272 3095 333 3146 ruo,
353 3077 472 3132 omnibns
488 3077 642 3148 proceribus
660 3085 736 3134 entra
751 3085 855 3151 septum
872 3077 1077 3131 consistentibus
1093 3091 1153 3129 cnm
1168 3074 1223 3126 suis
1239 3072 1282 3125 in-

186 3149 305 3218 signibus
323 3155 350 3200 οι
366 3147 539 3212 ornamentis3
557 3147 697 3217 positoque
714 3150 802 3202 caesio
818 3149 915 3202 throno
932 3147 1003 3200 circa
1019 3145 1123 3198 tertiam
1140 3141 1248 3196 triclinii
1265 3159 1282 3194 a
1350 3165 1352 3169 ¹
1447 3148 1452 3155 ‘

186 3219 288 3288 pariete
296 3218 435 3271 distantem
443 3225 552 3286 partem,
560 3231 653 3270 versus
665 3219 857 3286 imperatorem,
869 3216 915 3285 qni
926 3216 1012 3268 eureis
1023 3210 1176 3267 velamentis
1186 3211 1282 3262 instra-

186 3294 292 3356 insert,
310 3287 385 3341 venit
402 3285 505 3340 electus
518 3301 565 3338 seu
582 3286 716 3356 suffragiis
733 3287 818 3340 adhuc
836 3284 964 3338 obnoxius
982 3285 1026 3346 (eo
1045 3299 1128 3350 nsque
1145 3278 1214 3332 eninr
1232 3279 1282 3331 hoc

186 3357 291 3411 nomine
309 3353 468 3426 appelletur)
491 3360 519 3407 et
544 3355 620 3408 sedet
643 3357 671 3408 in
694 3356 748 3408 illo.
785 3355 881 3408 deinde
903 3353 1012 3406 sublatis
1033 3351 1104 3420 septi
1125 3346 1282 3401 velamentis
1360 3381 1367 3391 ·

186 3427 272 3495 surgit
288 3432 416 3494 uterqne3
440 3431 468 3478 et
485 3441 544 3477 mcx
562 3441 650 3477 ornnes
667 3441 714 3478 ora
729 3425 757 3476 in
773 3423 985 3493 apprecationenr
1001 3420 1138 3473 multorum
1154 3433 1281 3470 annorum

186 3495 331 3549 resolvunt.
366 3499 428 3562 post
443 3492 510 3546 haec
525 3509 578 3544 non
596 3493 690 3563 aliquis
707 3510 806 3546 summa
822 3493 851 3544 in
867 3491 997 3559 dignitate
1019 3489 1194 3551 constitutus,
1216 3493 1282 3554 puta

104 3611 109 3618 .
186 3563 229 3618 vei
246 3564 358 3632 despota
373 3562 418 3614 vel
432 3563 625 3616 sebastocrator
641 3563 684 3616 vel
696 3563 805 3630 Caesar,
823 3560 895 3613 sistit
911 3559 1019 3611 electam
1036 3555 1220 3625 (nequeenim
1235 3554 1283 3607 isti

186 3629 396 3702 patriarcharum
410 3627 647 3685 renuntiationibus
664 3632 798 3684 interesse
809 3630 911 3695 solent,
930 3627 981 3680 hac
998 3629 1031 3681 de
1047 3643 1136 3692 cansa,
1153 3624 1216 3694 qnia
1233 3641 1282 3692 pa-

186 3700 301 3759 triarcba
317 3701 427 3754 sedente
443 3699 575 3756 insolitum
594 3707 635 3753 est
651 3699 722 3769 ipsos
740 3708 827 3753 stare:
852 3715 943 3752 rursus
960 3697 1047 3749 fausta
1064 3693 1215 3748 acclamatio
1232 3694 1281 3746 irn-

185 3769 352 3840 potatoribus
374 3771 447 3822 facta
471 3785 524 3820 non
546 3768 611 3822 sinit
634 3775 664 3821 ut
687 3769 733 3820 isti
757 3768 884 3833 sedeant3
909 3768 1076 3836 quamobrem
1094 3781 1147 3816 non
1163 3763 1281 3828 adsunt),

185 3840 232 3894 sed
259 3856 293 3892 ex
315 3836 469 3908 proceribus
486 3837 599 3904 rdignior
623 3843 651 3890 et
671 3837 825 3890 eminentior
848 3853 926 3888 manu
948 3837 1104 3904 prehensum
1129 3831 1203 3886 ducit
1220 3839 1282 3883 ente

186 3908 366 3964 anabathran.
400 3911 507 3988 reperto
527 3915 613 3959 autern
629 3906 699 3959 intra
715 3915 817 3978 septum
834 3905 1004 3988 patriarchali
1019 3903 1103 3975 pedo,
1128 3903 1281 3971 imperator,

114 4023 116 4032 .
187 3976 332 4034 ministerio
357 3972 453 4028 nobihs
470 3973 643 4030 adolescentis
661 3993 693 4027 ex
710 3975 744 4026 iis
761 3974 806 4043 qui
823 3993 882 4028 srne
899 3974 967 4045 pileo
984 3975 1012 4026 in
1029 3972 1089 4024 aula
1105 3969 1280 4033 obambulant,

187 4045 283 4114 accipit
298 4043 372 4111 iliud,
397 4049 523 4110 stansque
540 4049 594 4097 tarn
609 4045 667 4114 ipso
685 4061 760 4112 quarn
777 4043 847 4096 fibra
863 4042 934 4111 eius,
957 4043 981 4095 si
996 4042 1079 4109 adsit,
1103 4056 1198 4108 magns
1214 4051 1280 4086 voce

187 4115 224 4166 ita
241 4115 313 4166 fatur
327 4107 437 4166 “sancta
453 4113 559 4165 trinitas
576 4131 624 4184 per
638 4113 774 4182 imperium
792 4113 825 4175 ab
845 4111 906 4182 ipsa
921 4112 996 4164 nobis
1012 4125 1165 4162 concessum
1181 4105 1279 4159 consti-

186 4181 236 4235 tuit
255 4189 282 4234 te
299 4180 524 4250 archiepiscopum
539 4182 663 4251 Gpoieos
682 4195 765 4233 novoe
783 4182 893 4248 Rornae,
910 4189 938 4232 et
954 4177 1146 4232 oecumenicum
1163 4173 1279 4244 patriar-

185 4247 287 4304 cham.”
304 4261 332 4302 et
349 4267 408 4301 rnox
425 4247 543 4303 universi
560 4250 658 4302 multos
670 4267 751 4302 annos
769 4250 899 4304 aederunt·
920 4249 1015 4301 deindo
1027 4243 1177 4315 patriarcha
1188 4259 1280 4296 ascen-

185 4321 250 4374 dens
266 4321 295 4372 in
312 4319 483 4372 anabathram
501 4322 534 4373 ab
552 4319 716 4388 imperatoris
733 4335 811 4374 menn
826 4319 920 4389 pedani
936 4316 1043 4388 accipit,
1062 4315 1176 4384 dataque
1190 4310 1216 4365 ei
1232 4313 1281 4364 be-
