3075 4867
260 284 336 359 208
410 284 694 357 curramus
710 284 843 357 coum
857 284 1208 357 commuuimus,

258 454 378 535 patricii.
397 454 563 533 contingere
581 451 826 531 quislenrpotcrat
849 460 882 515 ut
903 453 1025 515 enideo
1047 454 1209 537 praefectus
1229 454 1370 537 patriciu!

258 548 352 619 acet,
369 540 424 599 red
434 540 465 597 id
477 558 536 599 non
547 545 611 599 erat
624 538 819 599 numanum.

346 656 475 718 Observa
486 656 612 717 secundo
631 656 734 715 falsum
746 674 810 714 ase
829 657 906 733 quod
928 652 1068 713 blcnrsins
1088 654 1204 713 scribit:
1224 656 1372 735 inperato-

259 762 315 803 ruu
331 744 456 803 eccluiuc
473 750 500 801 et
520 745 599 802 relus
623 743 812 801 molesmum
830 742 982 821 praefinire
1003 742 1088 799 coludi
1113 758 1261 819 raptem
1280 748 1373 819 caput.

260 829 354 888 nullus
368 830 522 909 imperator
531 827 705 886 orthodoxus
719 828 795 885 bunc
810 826 922 885 titulum
932 826 985 885 sibi
1001 826 1159 902 arrogavit:
1180 825 1372 884 schismatico-

260 934 323 974 rum
337 922 367 973 et
380 914 583 973 baereticorum
601 912 657 971 hoc
671 914 818 995 proprium
833 918 886 971 est
909 912 1060 971 orthodoxi
1071 914 1254 989 irnperatoroe
1267 918 1373 969 norunt

260 1018 294 1058 se
316 1018 380 1059 esse
401 1018 468 1058 oves
486 998 639 1074 ecclesiae,
659 1017 718 1057 non
737 1004 885 1078 pastores,
905 998 1053 1073 subditos,
1075 1016 1134 1057 non
1152 996 1253 1073 capitu.
1274 998 1373 1053 deten-

260 1104 340 1144 sores
356 1086 454 1142 itidem
474 1084 607 1143 eccleciae
626 1088 709 1142 sunt:
731 1084 831 1163 capitis
854 1101 956 1143 nomen
978 1102 1087 1141 summo
1103 1081 1245 1163 pontifici,
1265 1080 1374 1155 Christi

263 1171 367 1229 vicario
379 1166 515 1245 Patrique
533 1170 688 1228 suocoesori
705 1187 764 1227 non
779 1170 858 1227 inriti
877 1170 1047 1245 relinquunt
1068 1186 1105 1226 ne
1123 1167 1295 1225 Calvinistae
1309 1168 1375 1241 qrri-

263 1257 329 1313 dem
350 1254 477 1313 Puritani
493 1255 593 1335 capitis
609 1254 787 1330 ecclesiastici
800 1269 902 1311 nornen
923 1255 1036 1331 regibus
1055 1254 1140 1311 tribui
1152 1255 1255 1311 ferunt.
1272 1260 1374 1311 uobnn

263 1347 309 1399 est
319 1360 406 1421 quam
418 1342 490 1399 linus
499 1340 587 1401 oculis
598 1341 732 1399 Calvinus
745 1349 842 1419 tegern
849 1340 971 1417 Angliae
981 1340 1018 1398 ob
1031 1340 1106 1398 hunc
1119 1338 1234 1397 titulum
1244 1356 1374 1415 assmp-

265 1434 327 1485 tum
341 1428 498 1505 aspexerit,
519 1432 550 1486 et
562 1428 592 1485 in
606 1426 707 1503 Belgio
724 1444 809 1501 quarn
832 1427 1014 1485 ferventiores
1038 1426 1210 1483 Calvinistae
1232 1423 1374 1483 obsistant

264 1532 302 1571 ne
316 1513 456 1571 foederati
468 1512 591 1571 Ordines
603 1532 657 1591 pro
671 1511 764 1591 capite
778 1512 909 1571 ecclesiae
922 1512 1077 1570 efferantur
1090 1516 1120 1569 et
1133 1514 1331 1588 agnoscantur.

354 1630 580 1696 Obseruatertio
593 1630 696 1691 falsum
712 1631 871 1705 essequod
890 1629 1029 1689 lileursius
1050 1630 1136 1705 dicit,
1155 1628 1303 1707 patricium
1324 1625 1375 1685 ali-

265 1731 352 1789 quem
370 1712 597 1794 ὖπεκκλησίονα
619 1716 726 1775 dicmur
747 1716 873 1776 tenuisse
892 1716 979 1773 ricem
1000 1714 1177 1794 imperatoris
1195 1714 1226 1773 in
1249 1714 1321 1788 hoc,
1341 1716 1376 1769 ut

263 1800 307 1857 ita
320 1799 438 1876 loquar,
453 1804 627 1881 capc'turuutu
638 1802 778 1861 eudesiae
801 1802 852 1859 sed
878 1808 910 1859 ut
930 1798 1061 1859 ficticium
1080 1806 1125 1857 est
1144 1799 1232 1865 ullum
1253 1798 1375 1877 impera·

263 1890 356 1943 torem
378 1886 545 1943 catholicum
569 1907 623 1967 pro
643 1887 737 1965 capite
758 1886 891 1945 ecclesiae
909 1905 973 1945 sese
1001 1886 1177 1959 venditasse,
1198 1885 1241 1942 ita
1260 1882 1374 1942 ficticius

263 1976 310 2029 est
321 1971 377 2027 iste
390 1972 525 2049 patricius
537 1971 656 2031 vicarius
671 1974 848 2051 imperatoris
865 1974 894 2033 ln
908 1972 991 2029 rebus
1004 1970 1205 2029 ecclesiasticis.
1235 1976 1266 2029 et
1280 1975 1375 2027 tamen

264 2055 320 2113 hoc
335 2056 420 2113 semel
431 2057 566 2115 effudisse
578 2076 637 2114 non
650 2064 818 2133 contentus,
833 2058 861 2114 irl
876 2076 901 2114 v.
915 2054 1127 2135 cintacipoiam
1145 2054 1251 2114 recinit
1271 2052 1376 2111 scilicet

263 2140 419 2217 imperator
431 2141 567 2200 ludaerun
585 2150 725 2201 recentem
743 2162 761 2201 a
779 2143 919 2221 baptismo
933 2160 1016 2199 suurn
1036 2142 1066 2198 in
1080 2140 1164 2201 rebus
1183 2138 1375 2199 ecclesiasticis

264 2227 398 2284 ricarium
419 2229 628 2303 constituisset,
652 2228 761 2287 etiamsi
788 2248 840 2307 pro
863 2229 955 2305 capite
979 2226 1111 2285 ecclesiae
1133 2244 1165 2285 se
1192 2226 1375 2298 venditasset,

264 2313 364 2370 rudem
381 2312 473 2370 adhuc
489 2314 594 2371 rituum
608 2314 833 2372 Christianorum
850 2320 880 2371 et
897 2313 1098 2371 ecclesiasticae
1112 2311 1226 2389 politiae
1239 2311 1375 2387 ignarum.

264 2396 381 2477 politica
398 2398 486 2473 igitur
506 2399 631 2476 dignitas
662 2406 739 2474 erat,
770 2418 830 2457 non
854 2398 1058 2477 ecclesiastica,
1090 2397 1326 2475 quemadmodum
1345 2400 1377 2452 et

267 2483 433 2562 patriciatus
451 2490 482 2541 et
495 2486 673 2562 praesentire
682 2483 805 2543 caniclei.

352 2596 454 2677 Longe
471 2600 526 2659 alia
539 2608 570 2659 et
586 2601 669 2659 aliter
684 2603 721 2659 de
735 2601 912 2679 praefectura
932 2597 1045 2657 caniciei
1065 2597 1242 2657 doctissimus
1258 2598 1301 2657 vir
1314 2595 1377 2657 Nic

268 2681 456 2743 Alamannus:
478 2688 591 2745 namin
615 2687 815 2745 commentario
834 2688 872 2744 ad
893 2680 1040 2746 cicladum
1057 2682 1204 2763 Procopii,
1225 2702 1298 2759 quae
1314 2684 1379 2761 ipse

268 2786 360 2845 nuper
373 2772 531 2849 evulgavit,
549 2773 579 2829 in
597 2771 667 2829 illud
688 2793 716 2850 p.
730 2776 773 2835 29
793 2792 820 2831 v.
840 2776 876 2834 2:
900 2771 983 2829 colore
998 2770 1115 2829 imbutos
1132 2790 1183 2847 quo
1198 2770 1309 2828 scribere
1323 2787 1377 2827 mur

267 2858 309 2911 ccl
317 2858 533 2931 imperatoribus,
554 2856 596 2913 ita
606 2856 711 2915 scribit.
744 2856 894 2932 Gregorius
911 2854 1050 2914 Secundus
1067 2854 1106 2912 ud
1122 2854 1235 2914 lauaem
1251 2850 1378 2913 luculum

269 2933 472 3015 imperatorem?
498 2938 613 2998 Literae
636 2948 703 2998 tuae
725 2946 755 2998 et
777 2959 835 2998 non
861 2940 969 2999 alienae
995 2938 1093 3017 sigillis
1119 2939 1304 3017 imperatoriis
1326 2938 1379 2996 ob-

269 3024 400 3099 signatae
427 3024 575 3100 ‹liligenter
599 3031 707 3100 essent,
739 3030 770 3084 et
799 3030 945 3111 accuratae
971 3025 1048 3083 intus
1078 3024 1297 3103 subscriptiones
1327 3042 1378 3100 per

270 3108 442 3169 cinnabarim
457 3111 572 3187 propria
585 3126 669 3169 manu
685 3117 751 3187 tua,
773 3114 805 3167 ut
823 3129 884 3167 rnos
899 3116 943 3168 est
963 3110 1178 3189 imperatoribus
1196 3107 1379 3167 subscribere.
1467 3168 1470 3175 ,

269 3194 441 3253 cinnabarim
461 3199 568 3255 uocauit
588 3197 618 3254 ub
641 3196 735 3257 colora
759 3194 975 3255 similitudinum
993 3196 1040 3255 scd
1061 3198 1258 3273 imperatorum
1277 3212 1379 3253 cucan-

269 3286 347 3339 stum
359 3299 518 3359 purpureum
542 3288 602 3341 erut
618 3302 653 3339 ec
676 3285 783 3342 omun‘cc.
804 3280 876 3341 sacri
903 3281 1026 3357 offatm,
1058 3298 1241 3356 quoscunque
1264 3286 1379 3338 nostrae

234 3434 238 3443 ἱ
267 3367 492 3425 mansuetudinis
518 3366 548 3425 in
578 3385 746 3444 quacunque
773 3368 938 3447 paginarum
961 3367 1104 3444 scripserit
1127 3366 1298 3441 auctoritas,
1319 3382 1378 3421 non

268 3450 323 3509 ulio
338 3452 418 3509 vultu
433 3452 546 3531 penitus
567 3460 618 3511 aut
639 3452 732 3512 colore
745 3453 799 3510 nisi
817 3470 957 3530 purpurea
980 3452 1176 3511 tanturmnodo
1197 3450 1378 3529 inscriptione

268 3534 441 3613 lustrentur,
461 3538 568 3596 scilicet
580 3545 614 3596 ut
626 3541 699 3597 cocti
712 3539 824 3597 muricis
841 3544 871 3597 et
885 3538 944 3595 triti
959 3538 1095 3613 conchylii
1108 3538 1209 3595 ardore
1222 3537 1377 3613 signentur.

268 3617 343 3677 banc
356 3627 449 3679 autem
462 3623 535 3681 sacri
559 3624 684 3682 encausti
707 3624 911 3683 confectionem
932 3622 1002 3681 nulli
1019 3624 1058 3681 sit
1076 3622 1181 3681 licitum
1198 3628 1249 3681 aut
1265 3638 1378 3682 conces·

269 3724 334 3763 omn
347 3704 459 3765 babere.
476 3703 502 3767 l.
519 3712 539 3773 6
552 3708 583 3767 (L
596 3709 629 3767 de
642 3711 737 3768 diuers.
753 3714 873 3787 resumpt.
888 3715 1052 3768 encaustum
1069 3708 1145 3767 bodie
1159 3712 1188 3767 iu
1201 3706 1291 3767 ltclr'o
1307 3705 1380 3765 dici·

269 3809 329 3849 uuus
339 3791 516 3865 encbiostr03
535 3800 670 3860 encausto
678 3802 709 3853 et
718 3796 895 3854 encausturia
907 3796 1046 3873 lugerdam
1059 3796 1088 3853 iu
1104 3794 1125 3853 l.
1144 3796 1164 3857 9
1184 3792 1215 3856 G.
1235 3792 1269 3851 dc
1285 3791 1380 3867 agric.

270 3874 377 3953 lupum
395 3876 442 3934 illc
456 3897 624 3957 purpureus,
649 3898 724 3958 pueur
742 3880 786 3941 lu'c
805 3901 858 3941 nou
880 3887 1056 3941 droouotum
1078 3879 1124 3955 sud
1143 3882 1380 3957 purpurumeutuur

272 3978 368 4019 rocon
382 3960 464 4020 liceat
469 4007 479 4037 ‚
501 3966 658 4024 rermlutur
671 3968 701 4025 iu
716 3970 921 4041 manatura,
942 3970 997 4025 uisi
1008 3964 1094 4025 dicere
1113 3965 1194 4024 mulis
1209 3966 1290 4023 etim
1311 3979 1380 4041 pur-

269 4051 486 4125 puruoreuorr‘03
506 4049 576 4128 pund
600 4070 660 4111 cru
682 4050 802 4111 ccuucb'
819 4052 938 4131 formum
955 4050 1125 4129 effigiemque
1146 4068 1215 4128 prce
1236 4068 1264 4107 ue
1284 4045 1378 4124 sora,

273 4132 367 4208 paulu
386 4138 637 4195 uroourorurcm
652 4136 761 4215 form
784 4138 911 4216 hodieque
924 4156 1101 4214 umrpumur,
1122 4136 1154 4194 ob
1180 4134 1211 4193 r'd
1238 4131 1378 4192 cuniculus

249 4232 252 4238 ’
272 4222 313 4274 ot
325 4218 497 4296 appellatur.
519 4222 709 4281 ctucaniculo
728 4228 788 4283 erut
805 4227 853 4301 qui
876 4222 988 4281 cursui
1012 4218 1141 4280 aucmcdr'
1152 4223 1379 4299 purpuramento-

272 4303 342 4363 n'uu
355 4307 535 4374 occumbat.
577 4311 738 4372 boccum
750 4306 972 4372 Bibliotleccn‘uc
985 4306 1022 4368 cd
1035 4312 1156 4370 cuorum
1176 4304 1305 4385 syruduu
1319 4306 1380 4363 Act.
