3075 4867
534 308 580 375 uu
603 307 752 375 conuu
772 308 855 376 car.
879 307 939 376 111.
1212 288 1289 381 ooo

183 467 281 525 Leonis
298 467 468 524 Gmnmutioi
479 468 538 524 loeo
554 468 700 524 addendum
717 468 769 525 τοῦ
784 464 875 535 ποδὸς
889 466 1083 541 κρατηθέντος
1100 460 1130 523 io
1146 470 1184 541 τῇ
1199 466 1291 546 onitu·

184 536 328 609 θροηθεὶρ
344 532 360 592 ὁ
378 538 475 603 ἵππος.

270 650 299 709 p.
311 627 351 691 14
365 647 392 687 v.
407 629 428 693 5
447 625 619 709 κεφαλαρὲο
632 628 692 687 sive
704 622 878 707 κεφάλαρον
896 628 967 687 freni
982 647 1063 707 pars,
1085 640 1158 703 quae
1177 629 1293 687 auribus

184 713 389 789 circumdatum,
411 729 486 788 quae
505 734 589 773 aurea
615 714 761 773 dicebatur
780 714 921 771 veteribus
948 712 1076 791 Latinis,
1102 718 1176 771 teste
1193 714 1291 792 Festo,

185 800 222 859 ab
241 818 309 859 aure
328 799 443 879 utique,
462 817 522 860 non
542 799 580 859 ab
600 820 686 878 auro,
713 797 787 857 sicut
804 818 871 878 pars
890 799 1005 859 inferior
1024 798 1096 858 freni
1116 798 1217 858 dicitur
1230 820 1291 863 oreo

183 885 222 944 ab
241 904 298 949 ore.

253 981 318 1037 ibid.
362 980 507 1042 Menrsiusr
537 980 612 1051 steni
640 995 704 1051 pm
730 996 799 1051 ροοο
830 980 937 1035 οοτίὀοο
966 980 1154 1041 circumdatur,
1197 978 1291 1035 clarius
1369 1028 1373 1051 ,

186 1052 394 1174 οοονο
416 1048 1292 1173 αα

185 1188 243 1241 τῶν
258 1136 660 1259 διαδήματῗιῖταοχαλωτῆρας
682 1136 986 1255 πρᾜφαιεόντων,ᾳκαῑ
1009 1157 1198 1255 προκειμένων
1220 1163 1290 1251 προ-Ι

185 1256 342 1326 μετωπίδια
357 1255 407 1310 soti
424 1258 621 1325 προστερνίδια
636 1257 690 1323 τῆν
707 1254 855 1345 litandum
872 1250 1008 1325 ἐρύματα.
1043 1255 1094 1309 ulie
1110 1256 1161 1308 loci
1178 1255 1292 1309 eiusdem

186 1326 305 1395 vulgaris
329 1325 421 1379 lectica
449 1322 487 1380 τοὶ
510 1320 600 1395 ἄλογα
622 1320 717 1379 αὐτοῖν
738 1322 925 1395 αρματωμένα
948 1316 1017 1394 μετὰ
1039 1319 1222 1393 αεφαλαρέων
1244 1322 1294 1379 sot

187 1389 364 1463 οαγιομοὶτφν
379 1396 559 1463 mutunensis.
594 1395 620 1448 iu
647 1396 752 1448 eundem
777 1403 884 1449 mentem
901 1400 1072 1465 usurpaverat
1088 1394 1230 1449 Simoentis
1246 1411 1293 1448 ne-

190 1459 338 1531 rpoituooor
355 1469 497 1534 κοσμεῖται
516 1460 567 1533 μὲν
584 1460 901 1533 inconsecrationem
918 1462 968 1519 ναὶ
986 1458 1105 1531 briones.

271 1568 308 1630 ib.
323 1587 349 1626 r.
364 1572 394 1633 6.
411 1560 590 1651 innuamus
607 1572 774 1648 φοροῦντα.
795 1569 928 1627 mendum
940 1568 1126 1627 manifestum.
1147 1567 1198 1627 sed
1220 1586 1294 1643 quo·

186 1652 273 1712 modo
286 1652 513 1712 emendandum?
526 1671 594 1711 num
605 1652 756 1730 legendum
766 1653 888 1731 φοῦταῖ
903 1654 944 1712 ita
957 1652 1108 1729 aliquando
1119 1653 1294 1732 suspicabar,

188 1738 354 1817 praesertim
374 1757 437 1796 cum
458 1739 547 1817 intra,
567 1737 616 1795 ubi
639 1737 676 1795 dc
695 1738 771 1818 pileo
789 1742 820 1796 et
838 1738 995 1815 insignibus
1013 1740 1110 1816 magni
1131 1738 1294 1817 interpretis

187 1824 291 1900 agitur,
301 1822 398 1882 Iunius
414 1824 535 1881 ediderit
556 1826 677 1900 φοῦταν
696 1816 849 1904 teubodo:
872 1827 902 1881 in
911 1828 1061 1883 summitate
1076 1824 1154 1882 lubet
1167 1828 1295 1899 exiguam

185 1928 288 1987 peponi
307 1910 428 1967 rubrum.
453 1909 483 1966 in
506 1908 599 1965 indice
620 1908 824 1986 interpretatur
843 1906 939 1967 Iunius
962 1909 1088 1989 puellum.
1117 1926 1190 1983 quae
1212 1908 1295 1966 lectio

188 1994 275 2051 etiam
294 1994 466 2072 applicanda
482 1993 594 2057 ridetur
615 1992 654 2050 illi
670 1993 733 2051 loco
748 2013 772 2051 α
790 1992 823 2055 5:
845 1991 918 2073 μετεέ
941 1998 1003 2055 ’τοῖν
1024 1989 1214 2074 φορούντων.
1247 1992 1296 2051 In-

188 2078 253 2137 nius
267 2098 328 2136 eum
340 2082 415 2157 equis
424 2062 620 2154 agminalibus,
641 2083 672 2136 et
684 2078 714 2135 in
726 2078 818 2136 indice
835 2074 873 2139 ro*
889 2067 1046 2156 φοροῦντα
1064 2082 1126 2155 oqui
1139 2078 1305 2153 agminates..

188 2169 222 2223 at
235 2162 305 2239 quid
320 2163 345 2219 si
359 2169 390 2221 et
400 2164 447 2223 liic
464 2159 613 2239 φοοτοδνῗ
637 2182 696 2221 eun
711 2167 867 2221 ornamentis
884 2170 911 2221 et
919 2162 1060 2241 pislerii?
1077 2164 1185 2221 accedit
1209 2161 1296 2220 Glos-

189 2248 295 2307 sarium
319 2247 438 2327 Isidori,
460 2248 505 2306 cui
533 2253 699 2306 ornamenta
722 2247 889 2306 camelorum
913 2254 943 2306 et
966 2247 1100 2329 phalerae
1123 2252 1191 2305 sunt
1214 2247 1297 2321 buda,

189 2331 1296 2501 filitattitettitbtt‘trittittsttstttttttttit

185 2504 368 2583 flammulam.
409 2502 560 2561 Mauricius
582 2503 745 2580 Strategssi
760 2509 797 2568 2:
819 2504 964 2575 ναστίὸας
981 2495 1107 2582 ἐχούσας
1122 2503 1235 2581 novato
1249 2525 1297 2581 μι-

189 2582 261 2667 αρά.
286 2588 375 2647 idem:
399 2584 490 2666 μικρὰ
511 2588 625 2664 τουφία
645 2583 722 2649 κατα
748 2590 811 2648 τοῖν
832 2580 1036 2651 inconnivae
1058 2587 1111 2649 καὶ
1134 2580 1298 2649 inritans

190 2671 374 2734 ταῖνῖππων.
387 2672 477 2731 idern:
491 2674 604 2748 τοοφία
616 2671 660 2746 εἰς
671 2669 725 2744 τοὶς
738 2665 937 2745 ὄπιοθολίνας
949 2671 1085 2753 τέσσαρα.
1099 2673 1198 2730 eadem
1211 2673 1298 2731 ferme

190 2754 254 2817 Leo
266 2758 420 2836 imperator
436 2757 592 2816 constitut
617 2761 654 2833 6,
675 2757 724 2817 ubi
745 2763 891 2835 praeterea
909 2759 1026 2835 requirit
1043 2753 1225 2836 αορυφᾶδην
1242 2760 1299 2818 τοῦ

190 2842 289 2904 ἵππου
302 2843 414 2920 τουφίν
430 2841 485 2921 (sic
497 2844 572 2901 enim
591 2842 742 2918 legendum
760 2862 823 2901 esse
840 2848 922 2922 patet
941 2862 976 2901 ex
994 2842 1129 2902 Mauricio
1150 2844 1229 2923 apud
1247 2842 1285 2901 Ri

190 2927 311 3004 galtiam
333 2948 359 2986 v.
379 2923 507 3007 τούφια)
525 2932 557 2985 in
574 2931 672 2987 nertin
694 2930 756 3007 equi
766 2930 955 3007 flammulam,
976 2928 1092 2987 alteram
1111 2926 1296 3009 ὕπογένειον,
1314 2939 1336 2994 1²
1355 2939 1406 2995 196

191 3013 242 3071 sub
261 3018 357 3073 ments.
378 3030 413 3071 ex
428 3012 473 3071 his
485 3012 567 3071 facile
581 3012 635 3071 erit
647 3019 757 3071 vertere
770 3019 801 3071 et
817 3010 955 3093 explicare
973 3013 1035 3073 loca
1052 3013 1168 3072 Cadini:
1190 3032 1256 3071 nam
1273 3014 1298 3071 is
1321 3072 1330 3091 l

102 3113 107 3124 ¹
193 3114 278 3174 quern
295 3116 365 3176 prae
381 3097 509 3156 manibus
520 3098 673 3175 habemus,
693 3099 734 3156 sic
754 3094 836 3155 reddi
855 3099 959 3175 debet,
979 3102 1009 3158 in
1023 3098 1116 3177 sconia
1130 3098 1167 3156 od
1188 3116 1299 3159 auream

187 3183 267 3262 freni
276 3183 468 3261 pendettupbo
481 3202 528 3241 seu
542 3184 695 3262 flammato.
716 3188 746 3242 et
759 3183 805 3241 ille
821 3183 908 3260 alter,
930 3203 983 3262 pro
1005 3178 1204 3261 φορούντων,
1226 3180 1300 3260 μετὰ

192 3269 256 3329 τοῖν
268 3270 412 3343 τονφοῖν,
433 3286 492 3326 oum
501 3268 649 3345 flammulis
664 3270 766 3327 statiis
781 3272 940 3327 unomentie
955 3268 1126 3345 equestribus.
1144 3266 1236 3325 valeat
1251 3267 1299 3325 Iu-

193 3352 258 3410 nius
278 3371 342 3411 cum
360 3352 418 3409 suis
435 3355 511 3430 equis
529 3354 719 3429 agminalibus.
737 3354 822 3410 tertio
841 3351 903 3410 loco
925 3351 1050 3411 similiter
1073 3351 1238 3411 medicinam
1255 3352 1300 3412 ie-

193 3438 269 3513 οἱον,
297 3438 324 3497 si
347 3427 503 3496 substituas
527 3434 639 3523 μικροὲν
660 3441 781 3516 τοῦφαν
805 3431 956 3517 ἐρυθρόν,
978 3441 1103 3513 exiguom
1123 3436 1231 3513 inpiam
1249 3456 1301 3495 seu

188 3522 333 3603 pareutum
356 3522 527 3601 flammatum
543 3542 718 3604 φνφοτατοι,
740 3520 907 3599 laniumque
925 3540 989 3581 oum
1006 3540 1059 3582 sua
1073 3538 1164 3601 paruo
1179 3541 1254 3603 popo
1269 3530 1300 3581 et

190 3607 288 3689 puello
306 3608 445 3667 facessere
456 3607 562 3668 iubeas.

281 3726 421 3786 Sollicitat
439 3723 580 3803 Rigaltins
594 3723 679 3783 alium
698 3723 790 3783 locum
806 3721 996 3805 Curopalatae
1016 3725 1106 3785 nostri
1128 3744 1151 3784 o.
1178 3725 1233 3803 17,
1254 3725 1304 3785 ubi
1322 3776 1323 3783 ,

194 3810 241 3870 bis
255 3806 364 3890 τούβια
373 3812 467 3869 editen
480 3817 510 3870 et
523 3810 632 3888 legitur.
652 3810 748 3869 mallet
761 3811 825 3890 ipse
838 3812 961 3891 τούφοα.
980 3810 1113 3873 reclamat
1128 3810 1303 3869 Glossarium

194 3897 282 3975 mle,
310 3897 455 3972 inquiens,
481 3899 595 3974 τονφία
620 3901 650 3953 et
673 3896 811 3972 τουφίων
836 3896 884 3955 boo
902 3898 958 3956 loeo
974 3902 1109 3957 restituere
1130 3902 1233 3955 tentoni
1250 3899 1305 3955 uiri

197 3982 289 4057 docti,
308 3982 396 4041 idest
410 3980 567 4059 Rigaltius3
586 3981 617 4039 in
631 3998 689 4056 qno
700 3981 802 4039 indicio
818 3980 955 4043 Glossarli
967 3982 1087 4042 libenter
1104 3982 1259 4059 acquiesco.

269 4098 305 4152 ib.
317 4115 345 4153 r.
357 4099 383 4152 6.
415 4082 580 4163 sobau‘nlia
604 4094 726 4161 bominis,
747 4091 800 4150 alis
825 4094 894 4165 equi.
928 4096 974 4149 illa
997 4097 1071 4150 tioro
1095 4100 1135 4149 est
1157 4100 1187 4147 et
1211 4092 1303 4163 ospitis

198 4166 334 4232 velamen,
353 4168 419 4220 haec
435 4182 515 4234 apes,
532 4164 616 4218 οοτίοο
631 4166 774 4234 panicula,
793 4166 875 4220 orista
911 4166 1038 4219 lomotitis
1055 4166 1097 4235 oet
1114 4180 1241 4233 gemmeo.
1271 4164 1304 4215 de

196 4235 281 4318 prima
298 4236 414 4323 Zonaras
429 4234 459 4321 jn
476 4233 829 4361 1³³⁸}fi01'0rlfhyr0a0nit92
856 4252 941 4307 τιαρα
958 4230 1119 4319 ταινιωθεὶς
1130 4226 1255 4317 ’ὀρθίᾳζ
1267 4226 1304 4299 ἣν

196 4320 310 4374 τοοφαν
326 4308 405 4361 nutet
422 4321 440 4357 ο
457 4302 643 4373 inuesinenter
676 4307 763 4368 πολνρ
786 4307 959 4376 ανθροπορ,
981 4320 1089 4371 novoe,
1112 4318 1207 4369 οιμαι,
1235 4319 1304 4353 ωοο-
