3075 4867
557 286 603 354 Ill
622 287 773 356 conrnl
794 288 877 358 GhP.
901 290 930 356 Ι.
1224 292 1296 366 119

198 449 275 508 loco:
301 448 423 528 alioquin
448 445 564 512 Iuniani
580 451 712 514 cofacoeli
737 471 841 515 nomen
863 456 939 515 tueri
955 471 1014 514 non
1035 458 1201 534 potuissent
1239 475 1295 519 nec

197 533 292 612 plures
316 537 345 594 in
371 542 453 596 tanta
477 537 589 596 civitate
608 540 723 617 parochi
742 547 824 599 erant
844 559 929 617 qnam
948 542 1071 619 quinque
1091 550 1140 601 ant
1156 563 1295 603 smnmum

195 639 260 680 ser:
275 639 378 679 nomen
391 623 466 681 enim
478 623 607 684 camerali
616 643 683 709 seu,
698 631 731 684 ut
741 644 795 684 nos
807 626 968 705 scribimus,
980 630 1157 686 amurcali
1170 630 1294 708 quinque

101 727 104 732 ·
195 705 297 764 relsex
311 708 450 765 duntaxat
460 707 633 770 obtinebant.

277 789 338 850 Nec
356 793 447 870 magis
469 793 626 852 verisimilia
649 796 686 851 da
701 794 764 852 istis
796 796 915 873 apponit
944 794 1026 853 nobis
1054 793 1156 854 Petrus
1181 795 1292 877 Grego-

192 875 250 933 rius
267 875 428 938 Tolosanus
452 878 599 958 Syntagm
619 879 739 938 universi
758 879 830 937 Iuris
852 881 892 942 15
913 883 950 957 9,
973 881 1022 938 ubi
1048 882 1116 939 dicit
1135 903 1152 940 a
1176 882 1292 943 Graecis

189 962 284 1020 vocari
321 963 441 1020 avicellor
480 965 627 1042 episcopos
667 964 834 1040 nonnullos,
870 963 938 1021 nulli
971 965 1188 1043 metropolitano
1223 969 1291 1028 sub-

190 1047 296 1124 lectos,
320 1048 484 1125 patriarchis
509 1049 656 1128 familiares
683 1056 713 1108 et
735 1051 931 1125 suffraganeos
958 1069 1124 1129 semperque
1148 1059 1291 1125 astantes3

192 1131 288 1207 quales
316 1133 447 1192 describit
470 1129 635 1192 Wilhelmus
654 1133 757 1210 Tyrius
779 1133 855 1215 ¹Belli
882 1133 954 1192 sacri
983 1137 1022 1198 14
1047 1139 1103 1214 12,
1131 1156 1202 1212 quos
1231 1139 1293 1216 ipse

193 1213 298 1294 Tyrius
315 1217 383 1280 dicit
398 1239 415 1278 a
438 1218 554 1278 Graecis
570 1219 705 1298 appellari
725 1222 861 1280 counitos.
904 1219 1006 1278 Petrus
1027 1220 1181 1300 Gregorius
1197 1223 1290 1302 suspi-

191 1307 272 1361 catur
290 1303 406 1362 subesse
424 1305 571 1363 mendum:
602 1307 697 1364 forsan
718 1307 793 1364 enim
815 1305 928 1382 scripsit
952 1302 1057 1381 Tyrius
1084 1308 1231 1385 cotocelor,
1257 1313 1291 1366 nt

191 1389 333 1448 recussit
347 1382 524 1466 κατᾶκηλος.
551 1386 747 1468 emanatus
767 1389 954 1467 κατακηλέω,
974 1392 1050 1467 quod
1070 1397 1115 1449 est
1133 1393 1290 1469 permulceo,

191 1476 327 1532 rwvftctc
341 1477 458 1532 utrinam
469 1473 574 1535 delirio.
610 1475 675 1534 hinc
688 1470 923 1554 κατακηλητικός
935 1477 990 1533 vim
1007 1476 1171 1535 demulcendi
1182 1478 1290 1536 lobon.

191 1563 223 1615 et
243 1577 292 1617 cur
312 1577 370 1616 non
386 1559 451 1618 hinc
475 1559 573 1619 itidem
592 1554 779 1640 κατάκηλοςὲ
805 1560 875 1618 illud
903 1559 1021 1617 alterurn
1041 1561 1162 1619 colcollor
1185 1562 1289 1620 format

190 1640 291 1702 Petrus
314 1644 468 1721 Gregorius
488 1641 572 1727 παρὰ
591 1643 624 1708 τὸ
650 1639 810 1726 adurimur:
834 1645 889 1705 hoc
908 1647 983 1703 enim
999 1646 1111 1705 nomine
1128 1642 1288 1722 significant

190 1727 291 1788 Graeci
302 1735 403 1791 stantes
413 1735 469 1789 n'ne
481 1737 567 1808 motu,
584 1735 685 1808 quietos
690 1751 701 1801 ,·
728 1731 794 1800 hinc
815 1731 891 1809 apud
908 1730 1064 1788 Hesiodum
1078 1726 1189 1802 πόντος
1202 1725 1288 1809 olari-

188 1835 271 1890 μων,
286 1810 420 1891 εὔκηλος.
461 1815 513 1874 sed
527 1815 595 1872 haec
609 1815 677 1874 nihil
691 1816 728 1872 ad
742 1815 950 1873 exocatacoelos
963 1821 1077 1873 nostros
1091 1816 1212 1892 faciunt,
1226 1817 1286 1874 sive

187 1899 235 1956 isti
247 1899 378 1958 eufcdlia
394 1898 426 1959 P.
442 1898 580 1974 Gregorio
593 1899 672 1971 pllati
685 1899 836 1977 aliquando
848 1901 877 1957 in
896 1919 989 1958 rerum
1005 1906 1106 1959 natura
1118 1902 1287 1979 exstiterint,

186 1984 248 2042 sire
260 2002 295 2042 ex
307 1983 420 2041 cerebro
431 1983 521 2040 eximii
535 1984 607 2042 illius
619 1985 798 2043 iureconsulti
817 1986 948 2062 prognati
965 1986 1086 2062 fuerint,
1106 1992 1139 2042 ut
1154 2005 1209 2061 ego
1224 1987 1285 2063 qni-

186 2070 253 2126 dem
271 2067 412 2126 existimo:
436 2066 586 2144 legendnm
609 2070 683 2126 enim
703 2072 781 2146 apud
802 2069 922 2154 Tyrium
942 2071 1082 2144 mucellos,
1102 2070 1132 2126 id
1153 2076 1199 2129 est
1216 2089 1285 2145 syn-

185 2153 287 2228 cellos,
300 2151 425 2210 eiusdem
438 2152 523 2211 cellae
543 2154 633 2210 socios
650 2160 681 2213 et
698 2154 880 2212 habitatores.
922 2159 952 2211 et
973 2172 1080 2231 nupera
1097 2155 1183 2212 editio
1204 2153 1287 2228 Tyrii

184 2237 324 2316 syncellos
344 2237 472 2314 exhibet,
492 2239 604 2296 tametsi
623 2239 700 2317 prior
720 2239 767 2296 illa
783 2238 866 2297 lectio
886 2236 983 2296 melior
1002 2243 1031 2295 et
1051 2237 1205 2313 scripturae
1224 2239 1286 2296 vul-

184 2330 270 2400 gatae
291 2323 406 2400 propior
423 2323 468 2381 sit.
498 2324 572 2380 adde
599 2321 736 2382 cancellos
759 2324 832 2382 istos
863 2320 950 2385 fonde
975 2323 1140 2399 episcopos,
1171 2324 1286 2382 tametsi

183 2408 393 2486 suffraganeos,
411 2413 444 2466 ut
464 2406 569 2484 Tyrius
585 2407 718 2486 appellat.
760 2413 791 2466 et
806 2404 1102 2466 exooatacoelinostn'
1120 2427 1178 2467 non
1201 2412 1285 2467 erant

184 2493 308 2572 episcopi
321 2494 372 2551 sed
385 2493 582 2570 patriarchales
602 2493 720 2550 diaconi.
743 2492 855 2553 valeant
874 2511 943 2570 ergo
961 2491 1008 2550 isti
1034 2492 1146 2568 coicelli,
1163 2493 1284 2552 antehac

182 2579 318 2655 inauditi,
340 2577 499 2662 Tyriusque
517 2597 585 2668 suos
602 2578 728 2638 cancellos
748 2585 780 2639 et
799 2577 927 2641 Codinus
940 2596 1007 2640 suos
1027 2577 1219 2646 ττοταίατττίοτ
1238 2581 1318 2639 rel’
1338 2581 1389 2638 155

181 2665 280 2725 tineat.
780 2680 783 2684 ’

268 2747 371 2808 Nescio
389 2766 426 2806 au
455 2747 573 2809 audeam
597 2762 756 2829 proponere
784 2745 971 2804 coniecturam
998 2763 1105 2822 meam,
1128 2763 1212 2824 quam
1232 2746 1281 2805 din

183 2834 239 2894 iarn
255 2853 350 2914 premo
356 2854 364 2897 ;
392 2833 444 2890 sed
463 2838 635 2912 promatur,
648 2831 875 2909 quandoquidem
895 2831 997 2888 nullius
1019 2830 1141 2908 periculo
1169 2851 1280 2909 prome-

184 2927 239 2991 tur.
296 2919 365 2994 quid
401 2919 426 2981 si
460 2919 546 2976 ‚unica
587 2917 698 2977 literula
732 2921 842 2975 mutata
870 2913 995 2992 legamus
1032 2910 1282 2989 ἕξωκατᾶκοιτοιὲ

184 3006 233 3081 qui
240 3002 312 3083 sarie
329 3003 477 3076 dormiant,
497 3005 546 3079 φιτ·
556 3000 626 3080 soni
645 3003 759 3074 cadom,
782 3019 841 3061 non
861 3001 891 3058 in
908 3001 1096 3077 patriarcheo:
1118 3000 1184 3059 olim
1201 3020 1282 3060 nam-

182 3107 239 3167 que
261 3088 387 3166 proprias
412 3087 541 3149 ccclesias
569 3086 818 3162 administrabant,
848 3085 941 3144 etsie
965 3102 1017 3144 sua
1040 3085 1178 3143 domicilia
1201 3092 1282 3145 extra

126 3241 128 3249 Ι
182 3192 302 3248 magnae
325 3171 455 3232 ecclesiae
476 3171 577 3230 limites
603 3171 779 3248 incolebant,
806 3171 836 3227 in
863 3170 953 3247 iisque
982 3170 1103 3248 quietem
1123 3170 1278 3246 capiebant.

181 3260 283 3318 Canon
296 3257 448 3318 anllanus
464 3255 505 3319 46
521 3258 558 3315 de
579 3255 758 3316 monialibus:
778 3259 930 3327 παντελῶς
946 3252 978 3315 δὲ
994 3249 1099 3325 αὐταῖς
1112 3253 1279 3328 ἐξωκοιτεῖν

181 3335 240 3408 criu
255 3343 357 3417 ἔξεστι.
398 3341 448 3400 nbi
460 3341 586 3420 Zonaras
599 3341 724 3399 Graecus
740 3341 892 3416 interpres:
909 3338 961 3401 nul
981 3336 1057 3418 μηδὲ
1071 3337 1128 3410 ἔξω
1145 3342 1200 3414 τῆς
1219 3361 1274 3414 μο-

180 3432 239 3507 νῆς
251 3423 309 3508 τήν
328 3421 424 3490 νύκτα
440 3423 566 3508 διάγειν·
583 3429 672 3490 τοῦτο
686 3421 743 3509 γὰρ
758 3420 791 3484 τὰ
810 3425 986 3496 ignosceris.
1029 3422 1197 3500 probabilior
1210 3424 1274 3480 red-

179 3515 294 3573 deretur
307 3513 479 3589 coniectura,
495 3512 519 3568 si
533 3511 773 3584 ἕξωκατακοιτεῖν
786 3508 934 3584 legeretur.
962 3526 1058 3569 verurn
1072 3509 1148 3583 prior
1162 3527 1274 3587 quoque
1362 3566 1365 3569 ,

179 3598 263 3658 lectio
279 3598 430 3675 suspicioni
446 3602 571 3656 nostrae.
583 3595 687 3672 aliquid
706 3593 950 3652 verisimilitudinis
970 3592 1113 3665 conciliat,
1134 3593 1273 3671 longeque

177 3683 242 3762 plus
253 3683 404 3741 fulcimenti
415 3683 508 3740 adhuc
518 3682 678 3754 accederet,
699 3680 723 3736 si
736 3679 835 3756 aliquis
852 3699 895 3735 ms
916 3679 1005 3736 codex
1020 3679 1272 3752 ἐξωκατακοίτους

177 3768 259 3829 nobis
271 3772 502 3846 repraesentaret.
544 3768 620 3845 apud
632 3763 760 3822 Nicetam
772 3766 802 3821 iu
818 3765 875 3824 vita
885 3764 990 3840 Ignatii
998 3761 1061 3840 lege
1078 3760 1167 3825 Λέων
1186 3762 1273 3825 ὅκα-

176 3848 326 3933 λούμενος
343 3852 536 3924 amaenitate:
558 3851 609 3910 sed
629 3849 697 3908 nihil
713 3849 758 3906 hic
779 3849 816 3906 ad
834 3850 990 3908 rhombum.
1024 3854 1150 3925 tempore
1166 3848 1271 3908 Leonis

178 3937 318 4016 Armenii,
332 3944 363 3998 et
379 3945 447 3998 ante
458 3938 569 4014 itidem,
589 3934 679 3994 elerici
691 3933 807 4014 palatini
824 3954 883 3994 non
903 3935 933 3992 in
952 3933 1056 4013 palatio
1079 3936 1131 3992 sed
1154 3934 1223 3992 foris
1240 3935 1270 3992 in

176 4025 293 4100 privatis
315 4025 431 4082 aedibus
449 4021 710 4094 commorabantur,
732 4025 763 4078 et
781 4021 865 4078 tertia
887 4020 994 4078 circiter
1013 4018 1107 4094 vigilia
1124 4020 1215 4078 noctis
1231 4021 1269 4076 ad

175 4109 391 4188 Elephantinen
401 4106 540 4187 (portum)
554 4104 807 4182 congregabantur,
819 4105 939 4180 indeque
952 4106 989 4162 ad
1001 4104 1143 4162 ecclesiam
1154 4104 1270 4162 abibant

77 4239 80 4246 ,
174 4199 205 4252 et
219 4195 371 4253 matutinas
387 4213 484 4272 preces
500 4195 555 4250 deo
567 4190 783 4269 persolvebant,
802 4196 837 4248 nt
846 4190 943 4249 scribit
960 4190 1080 4247 loannes
1097 4189 1270 4266 Curopalata

175 4279 205 4336 in
224 4278 321 4338 laone
341 4277 481 4340 Armenio.
510 4282 616 4360 postea
638 4276 666 4335 in
689 4274 753 4335 aula
775 4294 826 4335 sen
844 4275 923 4353 regia
942 4275 1120 4351 habitarunt,
1141 4275 1270 4356 eoquod
