3075 4867
446 270 447 276 '
541 274 587 343 lu
615 276 764 343 CODlNI
790 275 875 343 GAP.
899 276 945 345 V.
1225 276 1301 357 255

194 464 272 527 μενοι
286 444 356 501 runt
367 439 468 519 cpolin,
485 441 613 519 μισοιλσο.
631 446 661 499 et
678 440 752 501 infra
771 460 800 500 α·
819 440 859 505 16
880 438 983 502 dicitur
1006 431 1069 502 α’πιλ
1089 442 1147 503 τοῦ
1166 434 1301 521 todonae

194 528 257 588 dari
272 546 339 608 pars
356 527 454 603 quinta
466 525 643 604 imperatori:
664 526 760 605 inepte
774 525 871 584 lunius
885 546 919 585 ea
934 544 1030 601 mrsu,
1049 532 1128 585 verte
1148 545 1183 585 ee
1202 528 1304 606 epclits.

162 661 167 669 .
194 616 296 692 quinta
306 632 374 691 pars
386 612 462 669 cedit
475 613 630 671 rationibus
643 630 697 671 seu
709 612 817 670 aerario
833 612 925 689 regis,
944 612 1160 692 omnpotoio3
1178 630 1303 691 proquo

195 702 285 759 codex
299 698 368 757 vitio
384 697 489 755 librarii
503 700 713 777 nascuncuntur.
739 697 806 755 vide
822 694 930 774 Rigalt.
952 697 982 757 in
1003 696 1107 756 Gloss..
1127 716 1155 756 v.
1176 692 1303 776 αοιλρση,

194 786 244 843 ubi
259 784 368 845 limium
383 782 563 861 reprehendit
574 784 654 858 ¹quod
670 777 731 843 cino*
742 786 805 842 rein
818 781 1065 862 κοορσεαομένων
1074 802 1103 861 p.
1119 782 1160 849 59
1169 801 1192 841 c
1206 783 1226 845 6
1239 800 1303 842 ver·
1407 831 1410 836 .

194 872 232 929 tit
244 892 263 929 α
278 869 426 929 currendus
433 912 442 943 ,
464 868 531 944 quia
541 868 705 926 vertendum
718 873 781 926 erat
793 886 827 926 ec
838 868 940 968 ιμολιϊι,
954 887 988 926 ιν
997 868 1110 945 praeda.
1130 866 1196 927 hinc
1209 890 1302 946 κοσμ-

195 950 315 1024 σιύειν,
336 959 368 1011 et
390 958 423 1011 ut
444 953 473 1011 in
499 953 707 1031 Turcogrcecia
724 971 910 1035 κοορσοοοον
928 953 1073 1031 maedam,
1098 953 1240 1031 populari,
1261 954 1303 1013 sic

194 1060 224 1122 p.
246 1041 287 1105 57
306 1036 460 1119 δεφένσωμ
479 1042 540 1100 τῶν
558 1033 786 1119 κοομσεαόντων
805 1038 908 1098 rectius
929 1038 1057 1101 redditur
1077 1038 1195 1116 &foetor
1212 1058 1301 1100 eorm

195 1128 244 1205 ηαι·
256 1130 335 1183 extro
349 1122 463 1201 ordinent
476 1126 505 1181 in
521 1124 606 1203 Ιιοιλιι
618 1124 800 1203 ‚monam
812 1124 880 1183 dant
893 1128 1019 1203 impetum
1036 1129 1064 1182 ct
1079 1131 1142 1183 unte
1159 1140 1245 1182 carnee
1256 1124 1301 1185 di.

193 1214 303 1271 micant.
324 1216 450 1267 cursores
471 1208 546 1268 enim
566 1226 620 1268 seu
633 1202 849 1289 κονρσεύοντις
867 1215 937 1268 suat
959 1202 1112 1290 πρόμαχοι
1129 1207 1163 1270 οἱ
1177 1206 1300 1290 noorai·

193 1316 298 1377 μονοις
311 1297 366 1373 τῆς
378 1287 569 1379 παρατάξεως
580 1292 616 1357 ἐν
630 1298 669 1379 τῇ
687 1295 826 1379 συμβολῇ
840 1297 896 1355 τοῦ
910 1294 1043 1372 πολέμου
1061 1292 1113 1354 καλ
1134 1298 1199 1364 τοῖς
1220 1290 1299 1370 φεύ-

194 1398 301 1463 μοοσιν
320 1378 440 1459 ἐχθροῖς
454 1374 545 1454 ὀξέως
561 1375 790 1457 λπιτιθὲμενοι,’
801 1380 889 1437 utait
905 1382 933 1441 in
944 1380 1011 1437 suis
1028 1377 1151 1438 Tacficis
1164 1376 1225 1437 Leo
1246 1380 1298 1438 im·
1378 1430 1385 1444 ‚

159 1519 162 1523 .
193 1474 315 1545 perator.
336 1465 404 1525 item
416 1483 544 1523 cursores
555 1471 622 1524 sunt
633 1464 762 1543 ἔνιὸροι,
783 1471 818 1522 ut
831 1465 1072 1542 idemimperator
1084 1466 1183 1535 docet;
1204 1464 1298 1541 deque
1339 1479 1343 1490 ·

193 1552 238 1611 his
247 1550 371 1627 loquitur
385 1549 573 1629 europalate,
593 1569 652 1609 non
666 1555 760 1607 autem
775 1550 1000 1626 decursoribus,
1021 1568 1094 1626 quos
1111 1549 1212 1607 Graeci
1228 1551 1298 1626 δρα·

191 1642 274 1717 μοῖς,
296 1634 392 1695 Latini
404 1635 518 1713 proprie
532 1654 648 1693 cursores
669 1634 825 1694 nominant
847 1636 932 1694 etiarn
946 1633 1057 1693 Latinis
1071 1635 1181 1693 mediae
1195 1634 1297 1693 aetatis
1356 1657 1362 1668 ·

186 1724 309 1780 comni
327 1725 396 1779 sunt
417 1720 575 1799 praedones
595 1724 627 1779 et
647 1720 773 1799 piratae,
793 1721 845 1798 qui
864 1726 954 1780 terras
973 1727 1004 1780 et
1022 1720 1111 1781 maria
1127 1720 1296 1800 praedarum

190 1806 285 1887 gratia
298 1810 474 1883 perculerunt.

278 1888 529 1967 Depentamoeria
542 1888 702 1967 imperatori
713 1908 748 1951 ex
763 1890 861 1969 spoliis
874 1891 971 1950 danda
983 1889 1098 1968 elegans
1110 1892 1206 1949 exstat
1218 1888 1297 1948 locus

189 1977 222 2035 in
245 1975 362 2035 historie
382 1974 497 2034 loannis
517 1974 720 2035 Cantacuzeni:
747 1996 813 2035 nam
836 1996 900 2035 eum
925 1977 1055 2035 debello
1074 1976 1111 2034 ab
1135 1972 1296 2031 Andronico

190 2062 360 2140 imperatore
382 2061 516 2121 adversus
541 2058 666 2118 Albanos
691 2068 773 2138 gesto
793 2063 963 2141 partitisque
982 2063 1045 2120 sine
1062 2078 1179 2119 numero
1198 2058 1296 2135 spoliis
1387 2100 1392 2113 ,

189 2148 271 2225 ugit,
290 2147 331 2205 sic
344 2151 454 2225 praeter
472 2149 583 2205 caetera
599 2146 704 2205 scribit
722 2146 815 2218 ἔθους
828 2144 861 2207 ὄλ
876 2143 965 2220 ὄντος
980 2139 1127 2227 προτερον
1148 2146 1193 2222 τῆ·
1207 2162 1298 2221 otoo·-

190 2236 261 2317 τιμῖ,
282 2226 406 2295 ἐπειδάν
420 2252 502 2303 τινος
523 2226 693 2310 κρατήσωσι
713 2224 832 2306 ieiumi
851 2232 990 2314 πλείονος
1009 2225 1222 2311 ἢέλοὶττονος,
1240 2224 1297 2307 τήν

189 2318 329 2397 πέμπτην
352 2321 462 2395 μοῖραν
481 2314 620 2394 παρέχειν,
642 2309 793 2395 οἷριστιῖον
811 2316 943 2395 βασιλεῖ,
964 2315 1017 2377 καλ
1039 2308 1100 2397 μετ’
1116 2314 1234 2379 ἐκεῖνον
1254 2315 1299 2397 τῷ

191 2396 311 2486 μεμολλμ
325 2401 488 2483 (inpacatum
504 2400 574 2479 λ’σην
588 2394 638 2461 οἷα
652 2396 691 2480 (λη’
712 2404 768 2480 τῆς
789 2394 949 2480 συμπάσης
965 2400 1126 2484 ἦμοιιμένιμ
1148 2402 1297 2478 στρατιᾶς,

189 2482 260 2549 πότε
277 2479 366 2549 οὐδὲν
383 2484 510 2547 ἐποίουν
525 2490 586 2547 τοῖν
602 2480 775 2559 εἰωθότων,
796 2480 868 2549 adut
881 2510 927 2559 τις
942 2481 1072 2566 η’νοληλιι
1093 2479 1206 2555 edendo
1225 2480 1297 2561 oroi

190 2576 249 2650 τῆς
262 2568 397 2650 πέμπτης
420 2571 553 2650 polone,¹
567 2563 631 2632 ἄλλ’
649 2564 748 2650 ὥσπερ
768 2569 800 2641 ἐξ
818 2564 957 2633 οἷεννοὶων
978 2573 1122 2644 ποταμοῖν
1136 2566 1208 2643 ἐξῆν
1224 2562 1296 2629 ἕκαλ-

190 2676 271 2741 στμ,
288 2651 367 2721 ὅσων
381 2650 421 2717 ἂν
432 2652 590 2735 βούλοιτο,
611 2645 718 2735 κύριος
735 2650 890 2735 γενέσθαι.
928 2656 998 2715 haec
1012 2656 1236 2715 cmtacuzenus.
1309 2660 1333 2714 P
1349 2662 1402 2718 aot

276 2783 314 2843 ib.
336 2800 362 2841 r.
391 2782 440 2845 17.
469 2780 538 2839 dicit
565 2777 693 2837 Codinus
723 2782 959 2857 protostratorem
989 2799 1024 2839 ex
1054 2780 1160 2858 praeda
1193 2780 1295 2860 capere

187 2861 291 2931 πάντα
314 2862 352 2929 voi
371 2862 506 2944 ποικίλα,
535 2882 608 2939 qnae
626 2862 783 2941 appellatur
798 2861 938 2941 ’φασίλ-ια.
966 2870 1038 2944 quae
1056 2865 1094 2923 sit
1108 2866 1182 2925 ratio
1208 2864 1292 2924 huius

188 2954 325 3029 neminie,
346 2952 473 3009 nondum
493 2969 511 3008 a
536 2950 602 3007 'viris
625 2949 715 3007 doctis
736 2950 905 3027 explicatum
923 2956 983 3009 est:
1007 2970 1073 3011 nam
1097 2952 1174 3027 quod
1193 2949 1291 3025 Iunius

183 3040 287 3120 futilia
300 3036 404 3113 vertit,
424 3036 454 3093 id
471 3054 623 3114 paucorum
639 3035 845 3114 approbatione
865 3035 939 3096 fecit
959 3042 1028 3096 sunt
1049 3038 1099 3113 qui
1114 3037 1293 3117 suspicentur

186 3124 340 3203 legendum
354 3116 487 3202 βιτοὶλια,
507 3120 562 3179 hoo
575 3124 620 3177 est
634 3121 774 3179 adnata.

241 3238 325 3291 ‘itta
352 3252 415 3290 vere
431 3234 528 3303 sutilia
552 3238 612 3287 sunt
635 3237 662 3286 et
689 3233 822 3303 pueriliter
845 3252 862 3289 a
884 3234 1035 3306 quibusdam
1054 3228 1160 3303 ingesto
1172 3235 1240 3289 circa
1260 3229 1294 3296 cri

188 3307 334 3375 φατίλιον,
353 3304 421 3427 ιμιοιλ
441 3303 550 3357 Graecis
564 3303 765 3370 recentioribus,
783 3303 851 3357 sicut
866 3312 894 3359 et
904 3305 998 3358 Turcis
1008 3300 1041 3357 τὸ
1052 3304 1116 3367 fitil,
1135 3304 1204 3373 quod
1214 3304 1305 3374 primo·

187 3378 274 3431 refert
293 3376 358 3443 ιλὶηα
377 3375 465 3441 nium,
492 3371 582 3425 deinde
595 3376 690 3441 sunem
707 3372 835 3441 pyritem,
862 3374 1023 3443 quo-milites
1050 3373 1183 3426 tormentis
1203 3374 1295 3443 explo-

188 3445 279 3498 dendic
298 3443 393 3497 diutius
411 3449 517 3495 servant
534 3442 634 3509 ignem,
660 3443 748 3493 πόσαι
768 3441 794 3493 d'
815 3444 977 3511 σκηνοῦσιν,
1007 3442 1092 3494 ultimo
1123 3443 1295 3497 vulnerarium

187 3514 337 3585 peniculum
355 3530 371 3565 a
389 3510 513 3579 chirurgio
529 3511 561 3562 ad
581 3510 687 3562 vulnera
702 3509 845 3591 probanda.
878 3511 1016 3581 spoliorum
1026 3510 1112 3579 itaque
1123 3519 1220 3581 partem
1232 3528 1294 3595 pro·

187 3582 322 3637 tottratori
341 3580 494 3648 assignatam
513 3579 643 3631 vocabant
658 3578 750 3631 milrtes
769 3578 897 3647 φατίλια,
916 3580 989 3650 qnasi
1001 3580 1033 3632 ad
1051 3580 1118 3632 linea
1130 3582 1171 3633 vel
1183 3588 1294 3651 pyritem

188 3650 362 3721 comparanda
379 3650 438 3701 leve
457 3646 641 3703 adminiculum.
676 3647 715 3699 sic
731 3646 877 3708 officiorum=
892 3649 1006 3719 praemia
1025 3649 1121 3703 Graeci
1136 3649 1213 3703 iidem
1223 3668 1293 3719 μαν-

188 3720 280 3787 vltra,
305 3720 433 3772 Gallicum
457 3719 550 3785 vulgus
580 3715 752 3779 chirothecas,
797 3717 917 3773 uellarnm
945 3717 1056 3772 adcolae
1082 3726 1124 3771 etc
1140 3719 1243 3787 dicunt,
1264 3724 1294 3773 ut

187 3789 259 3859 grati
276 3789 360 3858 potius
377 3786 453 3839 animi
471 3791 655 3839 monumentum
674 3802 748 3867 quam
786 3785 848 3838 ebiti
865 3788 1006 3841 mercedem
1030 3793 1058 3840 et
1080 3788 1140 3839 vilia
1163 3806 1295 3842 mercena·

187 3857 284 3921 riorum
303 3856 427 3929 obsequia
439 3861 603 3926 compensata
615 3863 766 3923 exprtmant.
802 3853 924 3923 quaenam
936 3864 1019 3910 eutem
1032 3856 1145 3923 φντίλια
1156 3858 1293 3922 censenda,

187 3934 310 3995 reparata
335 3944 367 3981 ex
395 3925 486 3993 Regiis
511 3942 572 3977 vera
595 3940 767 3993 germanaque
792 3924 904 3977 lectione
927 3925 1046 3979 ᾶίοοὶωαι
1064 3943 1122 3979 esse
1136 3927 1192 3980 τῶν
1209 3943 1293 3990 κοσμ-

186 3990 347 4063 σενομὲνων
364 3990 442 4066 ζῴων
457 3991 551 4047 πάντα
568 3990 604 4046 τοὶ
621 3993 748 4060 ποικίλα,
766 3994 940 4049 animantium
954 3998 1058 4065 praeda
1069 4003 1201 4065 σομλοννιν
1212 4011 1292 4064 ηαστ-

186 4062 293 4133 cunque
302 4066 365 4134 pilis
382 4072 406 4117 et
426 4065 508 4117 colore
524 4070 585 4115 sunt
604 4063 698 4127 coria:
716 4063 823 4131 quaevis
841 4064 908 4116 enim
923 4063 1059 4118 discoloria
1071 4066 1144 4117 etiam
1156 4063 1231 4115 hodie
1242 4079 1290 4115 vo-

185 4142 250 4199 cant
266 4134 395 4257 ττοκμίλα,
415 4134 553 4202 eademqne
570 4130 596 4185 iu
613 4132 807 4202 protostratoris
822 4140 917 4187 sortem
934 4152 967 4187 ex
982 4133 1080 4205 praeda
1096 4133 1230 4201 obtingunt
1241 4147 1288 4185 cen

182 4204 242 4259 eius
262 4207 384 4271 φντλια.

258 4288 295 4343 ii.
312 4306 338 4345 ι.
360 4290 400 4347 20.
420 4281 457 4343 τοὶ
472 4280 684 4357 προστάγματα]
702 4276 862 4357 ἐντάλματα
871 4291 954 4365 μασιν
970 4286 1013 4343 lus
1033 4288 1086 4343 GR
1103 4280 1288 4354 οσὸιατιλξωι.
