3075 4867
290 325 362 400 144
439 323 648 396 GRETSERI
664 323 719 391 ET
733 321 868 390 GOARI
881 321 1214 389 COMMENTARIUS

287 483 430 561 λρμηνεάει
443 484 477 543 τὸ
498 481 676 574 εάαγγλλιον,
694 479 765 542 ὅταν
781 481 935 552 λειτουργεῖ
948 477 965 536 b
977 477 1135 550 άργιερεάς,
1159 478 1210 536 καλ
1220 477 1384 536 albornotio

285 555 358 628 ἐστι,
375 557 423 612 καλ
434 552 466 612 τὸ
477 560 644 626 ψαλτηριον.
679 557 738 610 hinc
748 554 872 625 perspicis
883 568 930 605 cur
940 553 991 606 SS.
1007 555 1063 607 PP.
1081 551 1206 621 quaedum
1220 552 1340 636 honilitp
1366 570 1390 628 n·

286 629 433 696 evangelia,
451 627 515 680 aliae
525 627 552 678 in
563 627 687 697 psalmos,
701 626 728 676 in
739 624 879 695 apostolum
891 622 1025 675 nonnullae
1038 628 1088 677 eto.
1122 621 1229 673 adverto
1244 623 1296 674 τοῦ
1312 635 1382 673 ατο-

286 694 387 751 στόλου
404 697 555 765 quandoque
566 691 752 754 διδασκάλους
764 694 850 762 plures
867 691 942 743 simul
958 696 1090 761 repertos,
1108 707 1216 758 quorum
1234 688 1385 756 antesigna-

286 785 334 820 nus
349 761 634 830 πρωταποστολαρίου
650 779 740 815 nomen
760 761 858 813 habuit
892 759 950 826 [Μι
967 759 1079 826 κρατῶν
1088 757 1138 810 καλ
1153 752 1190 810 τά
1206 759 1317 828 σγολιῖα
1333 757 1386 826 τῆς

286 829 449 902 ἐπισκοπῆς.
486 829 544 886 ἔστι
559 827 593 885 dl
609 827 659 885 καλ
673 826 785 898 οἰκέτης
801 829 851 898 τῆς
865 828 959 896 τρίτηε
973 825 1134 896 πέπᾶὃθεο]
1148 828 1177 895 *λ

369 945 540 1024 p.5v.11.
582 945 695 1004 rbctoris
722 942 844 1002 officium
868 947 914 1001 est
932 942 1088 1019 generatim
1115 942 1267 1018 scripturas
1291 959 1387 999 sanas

286 1032 478 1112 interpretari3
500 1036 530 1089 et
547 1029 659 1091 ridetur
678 1028 725 1091 ille
742 1047 828 1106 quem
843 1045 897 1088 nos
912 1032 1116 1087 conciooutomt
1135 1027 1316 1086 nominamus.

726 1272 936 1289 m-

613 1499 1062 1577 CAPUTIX.

381 1754 409 1812 p.
421 1731 440 1796 5
451 1751 477 1791 v.
492 1731 538 1795 13.
571 1681 615 1789 In
629 1731 729 1806 quinta
742 1729 971 1795 continebit&
984 1725 1085 1813 άρχαυ
1098 1729 1160 1793 τοῖν
1175 1725 1391 1810 μοναστηρλαν,

294 1821 386 1880 socius
401 1827 431 1878 et
447 1820 559 1880 adiutor
568 1821 664 1898 magni
678 1820 823 1897 sacellarii,
831 1821 867 1878 de
878 1840 934 1897 qno
944 1821 1000 1878 iam
1009 1841 1061 1879 suo
1070 1819 1147 1896 loco,
1158 1825 1186 1883 9.
1199 1816 1216 1881 b
1224 1816 1392 1899 άργαντοῖν

292 1908 477 1985 ἐκκλησιῶν,
489 1906 581 1966 socius
595 1912 625 1967 et
641 1907 753 1963 adiutor
767 1907 903 1981 curatoris
916 1906 1036 1983 sacelli,
1055 1906 1092 1962 de
1109 1924 1166 1981 quo
1178 1905 1276 1962 itidem
1298 1921 1392 1982 supra.

362 2020 419 2090 p.5
436 2037 463 2070 v.
481 2019 522 2073 15.
545 2019 602 2072 cciv
617 2011 777 2086 ἐκκλησιῶν]
788 2019 949 2072 antonios
958 2019 1083 2089 intellige,
1094 2019 1128 2072 de
1139 2019 1315 2089 quibussnpra
1322 2017 1393 2071 Allo-

295 2090 382 2142 tiann=
399 2085 500 2156 γράφει
511 2082 547 2141 τά
559 2084 714 2156 άντιμίνσια
726 2082 896 2156 (άντίμηνσα
907 2088 949 2155 Μ)
962 2087 1010 2141 καλ
1024 2085 1061 2142 τά
1073 2085 1275 2158 σταυροιιήγια.
1294 2088 1394 2140 ultorio

291 2159 435 2230 portatilia
454 2160 559 2227 otgunt,
578 2167 605 2212 ct
622 2159 713 2210 literne
732 2158 822 2226 quibos
840 2174 913 2209 cruce
932 2159 999 2211 doto
1016 2175 1035 2209 α
1052 2155 1210 2211 άίοοοτταιιλι
1223 2159 1394 2224 coemptiones

280 2231 464 2293 'conferuntur
480 2227 653 2280 monasteriis.
688 2225 721 2277 de
738 2225 779 2277 his
795 2224 981 2292 Enchologium
998 2227 1064 2281 fuse.
1098 2226 1179 2290 idem,
1203 2243 1250 2278 ceu
1268 2223 1394 2295 paroeciis

293 2298 457 2366 praefectis,
474 2300 574 2361 κρατεῖ
587 2289 618 2348 ἐν
628 2294 664 2364 τῇ
683 2291 802 2361 φυλάξει
818 2289 907 2346 mironi
926 2290 958 2348 τὸ
974 2292 1080 2362 μύρον,
1103 2313 1207 2348 morum
1224 2301 1394 2365 ιικςατκλιιιιι,

294 2367 321 2417 in
343 2363 534 2417 confirmatione
556 2363 725 2416 adhibendum
744 2379 761 2416 a
781 2363 890 2432 privatis
904 2364 1083 2417 sacerdotibus
1105 2381 1154 2416 eeu
1175 2363 1305 2417 consuetis
1325 2361 1395 2432 apud

296 2434 414 2486 Graecos
427 2433 481 2484 eins
492 2432 643 2486 sacrementi
654 2431 789 2498 ministris,
806 2449 870 2486 tuoe
880 2435 1012 2486 σκελοιλίατ
1023 2435 1181 2488 commissum
1191 2440 1271 2487 tentet.

378 2537 443 2600 ibid.
461 2555 487 2596 v.
503 2541 550 2601 16.
572 2538 601 2600 3.
614 2535 633 2600 d
647 2533 747 2616 άργων
757 2535 814 2598 τοῦ
824 2530 1006 2620 ενάγγελίσυ,
1022 2537 1065 2611 εἰς
1075 2534 1108 2600 τά
1121 2544 1243 2621 κρατεῖν
1252 2539 1342 2600 τοῦτο
1352 2535 1397 2610 ιλς

281 2619 347 2696 τάς
366 2621 467 2700 λιτάς,
488 2624 565 2680 cuius
586 2623 708 2680 officium
724 2626 769 2679 est
787 2629 891 2698 gesture
909 2623 1074 2699 evangeliun
1092 2645 1139 2682 ceu
1157 2623 1270 2683 codioen
1281 2642 1397 2698 coange-

294 2709 390 2765 ltorum
413 2711 443 2765 in
468 2707 703 2786 supplicationibus
720 2713 747 2764 et
762 2708 978 2784 procationibus.
1021 2708 1076 2766 hoc
1096 2714 1191 2767 tamen
1210 2726 1269 2768 non
1284 2709 1396 2766 videtur

294 2792 453 2850 consentire
473 2811 536 2849 cum
555 2793 663 2851 Ioanne
677 2791 782 2867 Citrio,
802 2792 852 2867 qui
866 2792 971 2850 diserte
984 2794 1082 2851 scribit
1105 2791 1140 2856 cd
1160 2794 1195 2856 ἐν
1215 2799 1281 2864 ταῖς
1303 2797 1397 2864 λιταῖς

297 2870 456 2957 βαστάζειν
473 2871 508 2937 od
530 2870 780 2959 εάαγγὲλιονάετ
808 2879 864 2937 τοῦ
891 2872 1115 2958 δεντερεάοντος
1143 2882 1206 2939 τάν
1232 2873 1395 2950 dimiono,

281 2979 383 3036 quem
404 2960 531 3018 Codinus
558 2962 588 3018 in
612 2967 692 3019 sexta
714 2961 839 3038 pentade
862 2960 989 3020 collocat
1032 2968 1062 3020 et
1079 2963 1139 3020 fieri
1156 2967 1255 3041 potest
1270 2967 1305 3021 ut
1328 2962 1398 3019 haec

295 3065 342 3106 res
362 3046 444 3104 aliter
464 3063 496 3103 se
512 3045 641 3105 habuerit
659 3050 787 3123 ternpore
803 3046 885 3104 Citrii
905 3053 936 3104 et
948 3047 1028 3105 aliter
1040 3053 1134 3106 aetate
1147 3048 1264 3107 Codini:
1286 3066 1352 3107 nam
1363 3052 1398 3104 ut

295 3133 360 3212 ipse
379 3131 486 3189 Citrius
500 3132 700 3208 conqueritur,
717 3130 787 3188 haec
803 3132 916 3209 saepius
932 3134 1107 3210 patriarchae
1129 3133 1266 3192 arbitratu
1273 3152 1325 3191 suo
1335 3151 1397 3190 mn-

298 3218 414 3295 tabant,
444 3213 481 3278 τά
500 3213 564 3278 ion
582 3213 665 3279 κάτιο
686 3219 862 3292 ποιοῦντες,
893 3219 934 3275 ita
951 3219 1032 3275 utin
1048 3219 1110 3277 illos
1126 3221 1279 3295 quadraret
1296 3236 1397 3297 paroe-

297 3303 354 3362 mia
374 3299 439 3364 άννι
459 3304 602 3384 ποταμοῖν
623 3305 730 3384 χωρεῖν
751 3297 879 3384 λέγουσα
900 3297 955 3377 τάς
978 3297 1095 3385 πηγάς,
1116 3304 1169 3368 καὶ
1181 3299 1219 3367 τά
1232 3297 1397 3387 παράλου·

367 3555 398 3626 ¹¹⁸)
413 3556 483 3611 addit
493 3555 538 3608 M:
558 3549 647 3618 οὕτως
656 3549 805 3624 περιέγειὴ
816 3552 894 3623 τρίτη
904 3549 1016 3616 πεντάς.

561 3621 640 3684 τέλος
658 3625 709 3676 τοῦ
723 3621 818 3686 δεξιοῦ
833 3624 930 3692 γοροῦ.

369 3691 431 3744 ἴσθι
451 3679 503 3744 οὖν
520 3688 569 3745 καὶ
591 3688 659 3746 αὐτὰ
678 3689 718 3754 εἰς
729 3688 782 3760 τὴν
793 3692 850 3745 τάν
861 3692 1000 3760 κληρικάν
1015 3687 1163 3760 διάκρισιν.
1196 3686 1231 3745 cb
1247 3685 1299 3760 pbr
1315 3685 1398 3760 ἅγιον

286 3754 460 3828 Ιεάαγγάλιον
479 3761 531 3813 rori
550 3757 708 3830 βαιοφόρου
727 3755 946 3830 ἀναγινώσκεται
960 3755 1016 3814 ὑπὸ
1033 3761 1341 3830 τοῦαρωτουοταρίου,
1363 3754 1398 3812 τὰ

297 3829 350 3896 τῆς
371 3825 489 3897 μεγάλης
506 3825 638 3893 δευτέρας
654 3823 880 3896 ἀναγινώσκεται
893 3824 957 3884 -άπό
980 3831 1033 3884 τοῦ
1055 3825 1270 3900 ἱερομνήμονος,
1298 3824 1335 3884 τὸΙ
1347 3828 1398 3896 τῆς

297 3891 416 3966 μεγάλης
427 3893 561 3964 τετράδος
577 3893 794 3965 ἀναγινώσκεται
809 3892 865 3952 ὑπὸ
880 3899 931 3951 τοῦ
948 3902 1066 3953 σακελλα
1083 3900 1145 3968 ίου,
1165 3895 1199 3952 τὸ
1218 3899 1269 3967 τῆς
1279 3893 1399 3980 μεγάλης

296 3961 422 4034 πέμπτης
434 3961 648 4036 άναγινάσκεται
664 3961 720 4018 ὑπὸ
731 3967 783 4019 τοῦ
800 3963 1026 4035 γαρτοφάλακυς,
1048 3917 1083 4020 τά
1097 3969 1150 4022 τοῦ
1160 3964 1282 4036 μεγάλου
1291 3965 1399 4036 noddo·
1432 3995 1436 4002 ·

276 4052 351 4090 Ιτου
364 4029 580 4103 άναγινάσκεται
596 4030 652 4087 ὑπὸ
664 4034 715 4088 τοῦ
733 4033 948 4102 οκευοφάλακος.
982 4040 1018 4107 τῇ
1030 4032 1097 4110 ἁγίᾳ
1115 4035 1165 4091 καλ
1178 4032 1285 4106 μεγάλη
1300 4049 1397 4098 κυρια-

297 4105 335 4229 κη
352 4103 403 4188 copi
420 4099 560 4174 ιιάσγατσς
574 4099 791 4172 άναγινάσκεται
807 4100 841 4160 τὸ
857 4099 939 4174 ἅγιον
959 4101 1118 4176 εὐαγγέλιον
1133 4102 1190 4160 ὑπὸ
1207 4105 1260 4160 τοῦ
1276 4100 1397 4175 μεγάλου

297 4189 394 4228 οκονο
416 4189 459 4227 ου.

368 4190 520 4326 λάληράθη
540 4233 556 4296 ὅ
582 4235 675 4308 δεξιάς
693 4235 779 4312 χορὸς
794 4234 845 4296 καλ
861 4236 896 4296 τά
915 4238 1023 4312 μεγάλα
1037 4239 1163 4316 &potato
1178 4241 1235 4298 τάν
1255 4233 1397 4310 ἐκκλησια-

299 4325 408 4366 πάλλων.
