3075 4867
524 291 916 366 oeconomorum.
1145 262 1146 268 ‘
1194 303 1268 372 ονε

160 455 267 534 elaeae
279 455 356 522 card
369 453 403 524 ed
419 458 518 540 σχῆμα
537 462 600 522 τοῖν
616 453 795 546 Ἀβοὶρωνῆ
815 457 960 547 Τούριιων
977 461 1134 549 γενέσθαι,
1154 462 1199 532 hrt
1214 468 1268 534 nol

159 543 279 627 ιιομνιοιὶ
291 544 343 609 καὶ
359 540 509 627 χρειώδεις
524 545 582 610 εἰσί
603 592 611 610 .
893 560 898 569 ·

230 677 257 728 p.
269 662 303 715 13
319 679 344 714 v.
355 662 383 716 9.
399 660 452 714 sod
462 655 584 732 ιιόμβοο]
602 676 653 712 oon
670 659 808 728 quemlibet
824 663 938 728 modom,
963 663 1004 718 vel
1022 681 1078 718 eom
1095 665 1191 730 solum,
1213 685 1267 722 vox

157 726 267 799 ιιόμβος
291 730 372 783 menti
394 729 492 785 obiicit.
532 730 574 782 hic
595 746 657 781 vero
685 729 763 782 solius
787 731 968 800 imperatoriae
992 750 1103 788 coronae
1126 753 1265 804 gemmeum

155 800 322 922 ppiccmtvetl
338 799 489 853 emisenum
506 799 533 853 io
550 815 581 851 ea
596 799 749 869 globulum,
765 816 816 870 quo
834 801 958 872 despotae
974 802 1058 873 pileus
1082 821 1134 858 ooo
1158 806 1265 876 insigni-
1335 848 1342 858 .

169 885 216 934 ur,
232 885 264 922 re
276 886 329 922 er.

241 976 309 1034 ibid.
320 973 395 1034 Illud
403 969 483 1052 rolris
492 977 552 1036 tois
563 974 712 1050 φοινίκων
722 992 773 1034 scu
784 975 947 1051 φοινικίων
954 977 1039 1036 vertit
1046 975 1143 1039 Iunius
1151 984 1266 1060 eccqrtis

153 1063 273 1134 taeniis,
294 1067 325 1120 et
342 1063 372 1118 in
389 1060 500 1118 scholiis
511 1060 656 1138 ⁴euplicans
672 1061 740 1136 quid
757 1061 815 1119 sint
836 1062 960 1139 taeniae,
982 1064 1022 1121 ait
1037 1081 1099 1122 esse
1116 1069 1304 1132 vittasob.1›
1323 1078 1375 1136 194

154 1146 270 1222 largus,
296 1149 391 1226 quibus
404 1152 532 1224 tanquam
546 1147 610 1204 loris
622 1152 716 1224 partes
727 1150 812 1223 apicis
828 1151 977 1206 commissae
991 1155 1016 1207 et
1032 1155 1140 1210 suturae
1150 1153 1266 1213 obtectae

154 1238 228 1293 mat.
253 1251 313 1310 ego
326 1237 356 1291 et
370 1232 415 1291 hic
428 1237 458 1290 et
472 1231 544 1290 infra
561 1231 635 1291 malo
643 1229 781 1309 palmulis.
801 1232 879 1312 apud
893 1231 1083 1314 Capitolinum
1095 1235 1125 1295 in
1142 1237 1263 1298 Gordia-

152 1317 198 1375 nis
208 1323 257 1377 est
265 1317 390 1398 palmata
400 1320 494 1376 tunice
507 1323 537 1376 et
547 1323 611 1394 toga
617 1320 705 1394 picto.

223 1433 292 1490 ibid,
327 1433 441 1496 fructos,
459 1447 510 1484 non
526 1431 590 1484 folia
604 1431 772 1502 palmorum,
791 1428 816 1482 in
833 1430 882 1483 hac
900 1429 1011 1486 dictione
1022 1434 1133 1503 legendi.
1169 1436 1263 1506 dacty-

152 1499 192 1554 los
210 1501 337 1554 hodierno
353 1501 467 1554 Graecia
484 1507 563 1553 vocat
578 1501 717 1567 φοινίκιαι
734 1500 771 1552 illi
789 1517 853 1554 vero
870 1500 897 1553 in
914 1519 981 1554 uvae
998 1521 1101 1572 morsm,
1119 1508 1207 1572 granis
1219 1515 1262 1559 ta-

93 1632 96 1638 ,
153 1588 213 1623 roeo
230 1572 333 1639 longius
349 1569 444 1622 dissitis
459 1587 491 1622 ac
509 1587 583 1638 moga
600 1570 723 1640 pendulis,
742 1588 758 1621 e
773 1569 858 1622 trunci
875 1571 987 1634 vertice,
1004 1588 1055 1641 qua
1072 1573 1136 1626 rami
1153 1592 1262 1629 nascun-
1312 1615 1317 1622 .

151 1647 213 1703 tur,
240 1641 364 1709 pendeat.
399 1641 433 1692 ab
458 1640 559 1693 arboris
582 1639 616 1692 sd
639 1638 800 1710 imperatoris
815 1639 939 1694 verticem
958 1642 1091 1696 translatis
1109 1645 1189 1696 oculis
1205 1663 1261 1698 ser-

151 1716 208 1762 tum
227 1725 389 1776 gemmeum,
405 1709 498 1760 cassidi
513 1709 556 1761 vel
574 1708 629 1761 eius
645 1707 773 1761 stemmati
790 1707 911 1772 eminens,
927 1710 969 1762 vel
987 1709 1020 1763 ad
1038 1712 1155 1766 dextram
1172 1729 1260 1768 aurem

152 1778 289 1831 volitantis
310 1779 391 1830 instar
407 1778 509 1847 plumae
525 1775 645 1841 affixum,
671 1775 802 1844 φοίνικας
825 1777 867 1828 vel
885 1778 1010 1844 φοινίκιοι
1025 1782 1167 1846 vocitabis,
1185 1784 1258 1852 quasi

151 1862 287 1913 gemmeos
303 1845 395 1915 capitis
411 1846 455 1897 vel
479 1863 591 1898 coronae
613 1847 710 1898 botros.
744 1845 783 1898 ita
807 1846 897 1897 scribit
922 1847 1049 1916 Georgius
1071 1851 1207 1908 Ceresiusr
1230 1853 1258 1906 id

150 1920 287 1969 testantur
304 1915 410 1982 antiqua
425 1915 586 1967 Graecorum
601 1914 784 1983 imperatorum
800 1913 959 1969 nummata.

241 2021 307 2080 ibid.
351 2020 464 2100 ῥοῦχον
486 2023 545 2083 τοῦ
569 2017 716 2082 δεσπότου
739 2017 799 2078 sive
823 2018 947 2099 ᾆοοχίον
963 2027 1009 2080 est
1023 2022 1162 2100 ipsissima
1186 2023 1259 2083 Ger-

150 2122 303 2165 manorum
328 2105 428 2166 vocula
461 2105 534 2165 recl.
583 2104 698 2165 Nicetas
733 2105 763 2164 in
798 2103 963 2164 Andronico
988 2107 1006 2164 l.
1033 2113 1068 2172 2:
1103 2113 1259 2188 φοροῦντα

151 2194 269 2272 ῥοῦχον
291 2187 411 2271 σχισιόν
431 2189 515 2272 μέχρι
534 2189 587 2251 uod
606 2195 668 2251 triv
690 2185 837 2270 γονάτων.
878 2189 1036 2266 Helgaldus
1055 2193 1086 2250 in
1105 2194 1164 2252 vita
1184 2196 1258 2271 regis

150 2278 288 2337 Roherti:
310 2296 407 2335 ιιιιιιιι
425 2296 452 2335 re
476 2278 629 2336 vestimento
642 2294 790 2354 purpureo,
820 2274 888 2352 qood
913 2275 1009 2352 lingua
1035 2281 1138 2336 rustico
1158 2279 1257 2338 dicitur

151 2383 241 2424 rocas.
283 2361 349 2420 hinc
368 2363 453 2420 etiam
479 2361 612 2420 coeddam
633 2378 688 2418 vox
710 2360 823 2436 saepius
844 2359 925 2418 obvia
948 2359 1077 2421 inlibris
1102 2363 1258 2444 ritualibus,

149 2449 320 2528 praesertim
333 2446 477 2506 Βοωοιιίε.
497 2447 565 2506 inde
584 2445 669 2506 etiam
690 2445 868 2528 ῥονχοιριῐον
890 2449 1063 2522 vatianum,
1083 2467 1138 2508 vox
1157 2456 1256 2510 nostro

150 2552 269 2612 quoque
282 2534 395 2593 Codino
408 2537 554 2616 usurpata.

220 2649 287 2702 ibid.
322 2648 447 2717 despotae
470 2641 573 2717 ᾇοῦχον
593 2645 734 2699 huiusmodi
758 2644 815 2700 sive
839 2639 965 2716 ἷμοὶιιον,
988 2652 1010 2700 st
1025 2647 1187 2731 imperatorio
1204 2665 1256 2703 nou

149 2718 275 2772 absimilis
292 2724 333 2770 est
347 2719 456 2780 formae,
482 2711 585 2777 σάκκος
600 2716 628 2766 ἰο
645 2715 773 2768 secuturis
791 2715 906 2782 dicetur,
929 2716 1017 2770 tunica
1042 2718 1156 2770 nimirum
1172 2736 1187 2771 e
1205 2717 1256 2771 vil-

149 2788 206 2840 loso
225 2785 325 2850 serico,
350 2785 426 2838 nohis
443 2785 517 2855 plicis
534 2784 688 2853 conspicua,
713 2783 760 2836 sed
778 2785 847 2836 circa
862 2790 953 2854 pectus
971 2791 998 2837 et
1014 2785 1112 2839 lumbos
1128 2787 1252 2856 strictior,

146 2858 229 2926 paulo
246 2855 324 2908 latior
340 2854 407 2907 circa
424 2854 520 2924 pedes,
537 2860 618 2907 totum
636 2869 728 2923 corpus
747 2853 869 2906 ambiens.
904 2854 1033 2922 atillam,
1051 2856 1123 2908 clade
1140 2857 1167 2910 in
1183 2857 1251 2910 bello

146 2933 275 2995 accepta,
300 2924 380 2976 tristis
403 2940 421 2976 a
443 2941 472 2976 se
489 2921 613 2976 abiecerit
628 2921 739 2976 loannes
755 2923 866 2992 despota
881 2921 1014 2978 Michaelis
1030 2925 1180 2996 Palaeologi
1197 2928 1252 2980 ira-

147 3001 205 3061 ter,
222 2999 312 3047 nmrat
326 2995 459 3061 Gregoras
476 2993 492 3046 5
510 2993 559 3050 ult.

235 3084 271 3140 ib.
281 3101 308 3139 v.
324 3083 372 3144 10.
397 3083 481 3158 ῥίζας
497 3086 528 3140 et
541 3080 783 3163 σιρατηλατίκιοι,
800 3081 1002 3162 interpretatur
1018 3081 1115 3142 Iunius
1137 3082 1252 3144 locr'ct‘os

147 3174 179 3226 et
192 3166 327 3227 ῑιιιιιιίιιοι
345 3168 482 3228 militares.

219 3265 286 3318 estu
309 3264 406 3330 regiam
431 3263 622 3332 Saodionysiaci
645 3264 772 3318 abbatiam
797 3282 828 3317 eo
853 3264 905 3316 fine
931 3267 1063 3333 proiectus
1088 3267 1117 3315 ut
1140 3263 1250 3317 Manus-

147 3336 181 3388 lis
203 3334 237 3387 iro
257 3334 365 3386 aratoris
387 3333 501 3387 Helenes
527 3333 711 3402 imperatricis,
738 3334 842 3386 loannis
869 3333 969 3400 imperii
997 3335 1127 3401 collegae,
1161 3333 1250 3386 Theo-

147 3403 206 3458 dori
246 3407 366 3473 espotaa,
386 3401 525 3456 Andronici
548 3398 780 3456 αὐθεντοπούλον
799 3402 1010 3468 Palaeologorum
1034 3419 1066 3453 eo
1083 3417 1119 3452 ms
1136 3401 1164 3457 S.
1183 3402 1249 3454 Dio-

147 3471 219 3542 nysil
241 3487 361 3542 operum,
394 3471 462 3540 qood
486 3471 590 3524 Manoel
620 3471 769 3542 praedictus
791 3477 931 3522 coaetaneo
957 3471 1006 3524 sibi
1034 3469 1249 3524 christianissimo

148 3544 305 3596 Francorum
322 3539 377 3607 regi
391 3540 511 3606 donavit,
531 3557 663 3609 expressas
680 3541 714 3592 ad
731 3538 818 3591 vivum
834 3539 951 3607 effigies,
978 3539 1081 3606 voltus,
1107 3545 1250 3611 stemmata,

148 3619 254 3680 gestus,
278 3614 379 3671 vestes,
399 3609 510 3662 vestium
527 3609 642 3674 colores,
664 3609 787 3674 formam,
810 3615 956 3662 ornamenta
972 3609 1145 3678 conspicerem
1162 3617 1249 3662 atten-

149 3683 202 3734 tius
218 3687 245 3733 et
261 3679 441 3743 observarem,
464 3684 602 3748 perspecto
624 3678 728 3730 coccina
751 3677 875 3748 despotae
891 3677 979 3730 tunica
995 3679 1125 3747 ligataque
1142 3679 1176 3730 ad
1194 3681 1248 3732 col-

148 3750 201 3803 lum
224 3749 336 3802 eiusdem
362 3747 458 3802 coloris
482 3747 630 3814 chlamyde,
653 3746 725 3799 cuius
749 3747 841 3799 dextra
862 3761 922 3816 pars
939 3745 965 3798 in
982 3747 1098 3800 dextrum
1115 3748 1248 3802 humerum

148 3819 305 3882 revolvitur,
327 3818 354 3870 in
370 3817 458 3869 tunica
476 3817 523 3882 (ea
540 3816 627 3868 talaris
640 3825 681 3868 est
698 3815 730 3869 ad
748 3816 817 3868 sacci
834 3817 946 3883 modum)
969 3831 1053 3868 ramos
1076 3833 1166 3870 aureos
1190 3817 1245 3870 ani-

147 3888 274 3940 madverti
290 3887 419 3958 depictos,
442 3885 651 3952 chlamydemque
673 3886 787 3953 Phrygio
806 3902 934 3954 aureoque
950 3901 1028 3954 opere
1045 3884 1187 3954 respersa'm
1204 3896 1246 3939 to-

148 3964 214 4024 tam,
239 3955 388 4040 perspatia
404 3954 529 4036 quaedam
547 3956 575 4006 in
592 3955 679 4008 orbem
692 3955 783 4008 relicta
799 3954 946 4037 bicipitibus
961 3953 1054 4037 aquilis
1069 3972 1132 4008 auro
1150 3956 1248 4025 pariter

146 4023 834 4164 {illusit‘tqittttttttttttstutzff
849 4025 1246 4162 ἔζὲἰῖἒῗιέἰὶᾝιξζιῖῗῗῗὶ

146 4179 277 4216 manorum
293 4165 374 4234 signo
391 4164 521 4216 militaria
536 4162 750 4232 orqarqlorclmcr
765 4179 901 4224 vocarem,
925 4161 1017 4214 dubius
1039 4162 1145 4230 primum
1163 4159 1244 4214 haesi.

144 4248 221 4284 senso
238 4234 315 4285 menti
346 4249 379 4285 oe
394 4233 525 4286 dubietate
540 4247 623 4302 aeque
639 4231 716 4286 docto
732 4249 764 4284 ac
780 4230 840 4284 mihi
856 4231 979 4284 benevolo
1008 4229 1108 4297 Cyrillo
1132 4229 1244 4298 Campa-

144 4318 195 4356 nae
212 4302 318 4359 chieosi
364 4307 451 4372 tecta,
473 4300 576 4359 dubium
591 4303 637 4358 ille
655 4303 764 4373 probato
781 4317 860 4382 seusu
875 4298 984 4369 depulit.
1018 4307 1046 4352 tu
1062 4299 1160 4367 lector,
1183 4315 1243 4352 eru-
