3075 4867
467 338 524 405 us
548 336 731 407 onerans
756 338 816 406 cr.
842 306 930 407 car]
952 339 995 405 v.
1101 309 1111 325 ⁸
1230 340 1279 411 31

179 512 294 581 ἑαυτοῦ
320 516 430 588 τοῦτον
456 509 548 592 ὄντα,
577 520 784 601 προσενεγκεῖν
805 517 850 599 τῶ
867 517 999 595 βασιλεῖ’.
1049 509 1159 579 τούτου
1179 512 1280 579 τοίνυν

118 682 122 693 ,
181 616 277 702 δήλου
299 611 457 701 γεγονότος
477 614 530 683 τὸν
547 616 603 699 μὲν
618 617 748 699 βασιλέα
761 614 872 695 εὐθύς,
892 613 935 692 ῶς
948 612 1023 699 εἶχε,
1040 622 1210 699 καταβῆναι
1225 622 1281 681 τοῦ

177 724 294 799 ἵππου,
320 720 371 785 καὶ
389 720 494 785 δοῦναι
515 726 623 785 τοῦτον
638 724 679 808 τῇ
694 720 867 805 κεκτημένῃ.
917 720 981 784 ἐπεὶ
997 716 1030 784 d‘
1048 719 1104 784 eain
1119 712 1197 801 ἦσαν
1211 717 1279 785 τότε

178 826 269 895 ἵπποι
286 824 442 905 βασιλικοὶ
462 820 641 909 συρόμενοι,
666 824 780 907 ἐγένετο
796 824 832 887 δὲ
846 818 862 889 d
877 820 1068 903 ducatricis
1080 824 1171 913 χρείρ
1185 826 1280 894 ianoe

153 930 233 994 ὁκαὶ
258 927 508 1007 ἒκαβαλλίκευσεν
532 928 626 993 ἰ’ππον
644 925 697 993 τὸν
717 922 864 1009 τυχόντα,
896 920 1011 1008 ἐτάχθη
1034 920 1054 1007 ἡ
1076 931 1138 991 τῶν
1159 932 1320 1011 συρτῶνθ

178 1025 403 1113 ἀκολούθησις,
434 1026 477 1105 ῶς
500 1027 557 1109 ἄν,
588 1028 622 1095 ei'
637 1055 667 1094 τι
690 1028 886 1113 συμβεβηκὸς
907 1026 1012 1110 τύχοι,
1037 1026 1142 1112 εἴησαν
1164 1030 1280 1112 ἕτοιμοι

175 1136 265 1199 ἵπποι
279 1134 434 1216 βασιλικοὶ
449 1132 525 1219 πρὸς
538 1131 572 1199 τὸ
586 1129 831 1221 ἀφιππάσασθαι
844 1130 1050 1213 τὸνβασιλέα.

278 1260 328 1337 ‘H
342 1268 445 1351 μέντοι
465 1265 574 1353 σπάθη
594 1276 650 1335 τοῦ
670 1270 823 1352 βασιλέως
839 1267 886 1333 dei
901 1268 990 1345 εἷςτὸ
1005 1267 1184 1356 ῥουχαρεῖυν
1197 1263 1279 1353 sipl-
1325 1280 1333 1306 ·

179 1398 298 1450 σκεται,
323 1370 364 1437 τὰ
385 1372 419 1435 δὲ
439 1366 622 1455 ὑποδήματα
638 1376 679 1449 εἷς
694 1370 729 1439 τὸ
745 1369 929 1458 βεστιοίριον.
977 1369 1041 1437 ἔστι
1059 1372 1160 1436 δὲκαὶ
1176 1370 1277 1457 ἕτερον

136 1474 259 1552 acetove
287 1470 509 1557 duodenariorum,
544 1472 567 1538 ἃ
591 1480 755 1541 καλοῦνται
780 1477 920 1559 τζαγγία,
952 1473 1059 1558 ἔχοντα
1085 1476 1277 1558 ἔκίιλαγιίον

178 1578 256 1644 κατὰ
278 1576 335 1653 τὰς
357 1573 473 1660 κνήμας
487 1578 538 1641 καὶ
552 1578 600 1641 ἐπὶ
615 1584 676 1643 τῶν
691 1585 813 1664 ταρσῶν
827 1578 933 1654 ἀετοὺς
949 1576 1002 1642 διὰ
1015 1580 1114 1643 λίθων
1129 1580 1179 1641 καὶ
1191 1567 1276 1663 μαρ-

177 1680 297 1767 γῶριυν,
324 1677 413 1744 ἅτινα
437 1682 488 1744 καὶ
513 1690 606 1768 φορεῖ
622 1677 639 1745 ὅ
657 1681 805 1764 βασιλεὺς
829 1681 871 1758 εἴς
889 1706 922 1746 τε
941 1680 1014 1757 τοὺς
1027 1679 1212 1767 περιπάτους
1226 1683 1277 1743 καὶ

175 1786 232 1860 τὰς
247 1780 426 1870 προκῶψεις.
458 1768 459 1778 ¹
476 1786 528 1847 καὶ
543 1781 559 1848 ὃ
576 1790 673 1850 ταῦτα
689 1792 786 1860 ποιῶν
799 1783 836 1848 οὖ
850 1780 1045 1870 τζαγγῶριος,
1072 1781 1113 1859 ῶς
1126 1784 1156 1847 οἱ
1170 1786 1276 1869 ἕτερον,

177 1886 255 1951 ἀλλὰ
269 1884 402 1971 τζαγγοὶς
415 1884 605 1967 ὀνομάζεται.
656 1884 784 1970 ὅπηνίκα
799 1893 874 1973 γοῦν
889 1885 989 1971 δεήσει
1003 1886 1057 1951 τὸν
1071 1888 1201 1969 βασιλέα
1217 1912 1275 1950 κα·
1284 1882 1316 1948 ‘D

134 1994 392 2072 ίόβαλλικεῦσαι,
427 1988 517 2075 φέρει
536 1988 576 2053 τὰ
597 1986 782 2073 ὑποδήματα
803 1987 1010 2055 παιδόπουλον
1029 1997 1086 2055 τοῦ
1103 1992 1278 2076 βεστιαρίου

176 2090 277 2170 ἐκτός,
303 2088 384 2155 οὕτω
404 2098 512 2167 κοινῶς
524 2091 746 2176 ὀνομαζομένου
761 2094 993 2178 ἄλλαξιμοιρίου.
1043 2090 1279 2175 ἔτοιμασθέντος

121 2230 124 2235 ·
176 2188 294 2261 οὗν-καὶ
309 2193 603 2276 καβαλλικεύσαντος
618 2204 672 2261 τοῦ
685 2198 853 2278 βασιλέως,
874 2196 904 2261 οἱ
920 2196 1119 2281 ἀνακαριοταὶ
1133 2194 1279 2280 κρούουσι
1343 2277 1348 2287 Ι

175 2298 215 2365 τὰ
230 2295 388 2383 ἆνάκαρα,
413 2299 591 2376 σαλπίζουσι
605 2300 702 2363 δὲκαὶ
716 2299 745 2363 οἱ
758 2301 940 2383 σαλπιγκταὶ
952 2293 1064 2380 ὁμοίως
1075 2300 1126 2362 καὶ
1139 2298 1168 2361 οἱ
1180 2304 1278 2380 βουκ-

175 2398 329 2488 κινᾶτορες
355 2398 401 2463 δι’
428 2398 565 2486 ὀργάνων
585 2401 735 2487 ἀργυρῶν.
787 2402 821 2465 αἱ
844 2401 946 2483 μέντοι
970 2399 1049 2465 κατὰ
1064 2400 1120 2484 τὴν
1133 2399 1278 2483 τοιαύτην

129 2503 342 2591 Ξθῦπηρεσιάν
356 2506 553 2583 σαλπίζουσαι
568 2502 730 2591 σάλπιγγες
744 2503 781 2569 οὗ
797 2505 876 2568 κατὰ
890 2504 947 2579 τὰς
962 2502 1058 2579 ἄλλας
1074 2506 1130 2569 εἰσὶ
1147 2502 1277 2588 σάλπιγ-
1304 2508 1310 2521 “

175 2634 248 2693 γας,
270 2604 342 2671 ἀλλ’
361 2602 462 2694 ἕτερόν
476 2632 505 2671 τι
518 2611 632 2691 σχῆμα.
684 2610 778 2689 δηλοῖ
793 2609 826 2672 δὲ
844 2610 896 2672 καὶ
910 2604 930 2692 ἦ
945 2613 1007 2673 τῶν
1022 2605 1168 2673 τοιούτοιν
1181 2604 1276 2694 ὀργῶ-

245 2856 261 2909 1
278 2854 465 2922 προσαγαγεῖν
480 2852 526 2909 AB
630 2854 665 2909 13
681 2848 738 2923 oie]
756 2846 815 2923 ἧος
831 2849 946 2919 camede
961 2848 1001 2919 oie
1017 2854 1041 2908 Ρ

172 3073 266 3146 puisse
282 3079 311 3129 et
326 3080 356 3128 ut
372 3091 461 3141 suum,
477 3072 630 3145 imperatori
644 3092 737 3129 munus
752 3075 889 3129 obtulisse.
922 3074 1120 3145 imperatorem,
1136 3092 1195 3129 cum
1207 3075 1275 3131 haee

175 3144 359 3215 comperisset,
379 3144 465 3196 statim
484 3144 511 3195 in
527 3145 641 3211 vestigio
659 3145 828 3197 descendisse
845 3146 879 3197 de
897 3162 980 3213 equo,
998 3162 1109 3213 eumque
1126 3146 1231 3198 dedisse
1247 3146 1274 3198 ei

172 3214 248 3267 cuius
273 3221 340 3266 erat.
376 3230 433 3266 cum
458 3221 543 3265 autem
565 3222 628 3265 tunc
650 3230 712 3265 usus
730 3231 857 3283 equorum
874 3214 919 3281 qui
937 3232 1013 3267 manu
1032 3216 1190 3267 ducerentur
1207 3232 1274 3266 non-

173 3286 235 3335 dum
256 3282 421 3335 introductus
444 3290 528 3347 esset,
557 3290 584 3335 et
605 3282 749 3351 imperator
772 3300 840 3350 equo
863 3282 985 3350 indigens
1007 3282 1112 3335 obvium
1130 3284 1276 3350 equitasset

172 3368 281 3420 equum,
305 3354 437 3404 decretum
454 3350 538 3403 fuisse
555 3359 584 3403 nt
602 3368 659 3403 eum
678 3350 865 3405 comitarentur
882 3350 944 3419 equi
961 3352 1108 3404 sessoribus
1125 3352 1220 3419 vacui,
1245 3360 1277 3407 nt

171 3422 196 3473 si
217 3421 276 3489 quis
293 3438 369 3473 casus
387 3417 526 3487 existeret,
552 3420 640 3489 parati
659 3428 832 3490 suppeterent
850 3420 913 3491 equi
929 3420 1106 3491 imperatorii,
1127 3422 1173 3491 qui
1189 3422 1275 3492 impe-

171 3497 286 3543 ratorem
302 3506 384 3559 equos
402 3496 541 3541 mutantem
557 3490 719 3558 exciperent.

241 3591 345 3662 Spathe
367 3608 414 3646 sen
437 3589 509 3643 ensis
530 3586 696 3660 imperatoris
717 3606 823 3659 semper
845 3594 887 3643 est
902 3589 931 3643 in
946 3589 1085 3661 racherio,
1109 3592 1194 3646 calcei
1210 3611 1276 3648 vere

170 3662 199 3714 in
223 3658 362 3715 vestiaiio.
397 3666 438 3712 est
464 3669 491 3713 et
514 3660 565 3713 alie
588 3660 690 3728 species
715 3658 877 3727 calceorum,
901 3660 947 3729 qui
970 3661 1137 3728 nominantur
1159 3664 1274 3731 tznngie'.

169 3730 352 3799 insigniuntur
368 3746 384 3782 a
400 3726 528 3782 lateribus
550 3730 692 3782 secundem
714 3728 795 3781 tibias
813 3736 840 3780 et
855 3728 884 3781 in
903 3727 1047 3799 calcaneis,
1073 3730 1167 3800 aquiiis
1186 3750 1219 3784 ex
1236 3734 1276 3784 la-

169 3799 243 3871 pillis
268 3807 295 3853 et
315 3798 479 3867 margaritis,
512 3814 578 3867 quos
604 3798 682 3851 etiem
706 3796 793 3849 induit
814 3798 958 3866 imperator
983 3800 1015 3852 ed
1041 3801 1223 3869 processiones
1249 3809 1277 3855 et

170 3869 371 3923 ostentationes.
405 3872 434 3919 et
457 3867 503 3935 qui
526 3868 573 3919 hos
595 3867 697 3921 calceos
715 3865 795 3933 facit,
820 3882 872 3919 non
889 3868 1040 3936 tzangarius
1057 3870 1115 3921 sive
1132 3879 1220 3936 sutor,
1246 3877 1277 3923 ut

169 3937 271 4005 ceteri,
295 3939 344 3992 sed
359 3946 468 4005 tzangas
488 3952 535 3989 sen
553 3943 660 3989 mancae
678 3935 835 4005 appellatur.
869 3938 1076 4005 quandocunque
1093 3938 1176 4007 igitur
1192 3939 1225 3990 im
1246 3957 1276 3991 e-
1371 3988 1376 4001 ,

168 4014 284 4060 retorem
303 4004 423 4076 equitare
440 4012 561 4073 oportet,
579 4004 682 4059 calceos
699 4005 787 4058 adfert
803 4021 871 4072 puer
887 4022 921 4057 ex
937 4006 1080 4075 vestiario,
1106 4008 1176 4075 quod
1193 3956 1272 4074 reigo
1318 4007 1321 4013 '

168 4082 266 4129 vocant
291 4073 487 4135 alluximerium.
521 4082 616 4143 pareto
641 4074 692 4127 iam
718 4080 746 4127 et
767 4074 903 4142 equitante
926 4074 1084 4143 imperatore
1100 4075 1271 4144 cymbalistae
1298 4081 1304 4090 '

167 4144 289 4213 cymbala
311 4144 433 4215 pulsant,
458 4142 589 4195 tubicines
606 4143 678 4197 tubis
696 4148 723 4195 et
739 4142 922 4196 buccinatores
938 4144 1057 4197 buccinis
1073 4144 1205 4213 argenteis
1223 4162 1269 4197 ca-

165 4220 244 4269 nunt.
278 4214 328 4267 hae
353 4228 416 4265 vero
441 4213 519 4265 tubae
540 4212 600 4263 huic
617 4212 676 4265 usui
693 4212 841 4265 destinatae
859 4230 912 4265 non
931 4214 1052 4267 referunt
1068 4212 1174 4266 aliarum
1191 4214 1268 4265 tuba-

164 4300 226 4337 rum
246 4282 371 4350 formam‚
394 4280 442 4333 sed
459 4281 639 4350 aliaquadam
656 4282 742 4349 figure
757 4281 895 4350 praeditae
911 4288 982 4334 sunt.
1017 4282 1118 4335 indicat
1139 4282 1189 4333 hoc
1203 4281 1269 4351 vipse

165 4351 248 4407 etiam
272 4368 352 4405 sonus
375 4348 466 4405 talium
482 4349 725 4418 instrumentorum
752 4351 799 4421 qui
816 4358 872 4417 est,
896 4356 926 4405 ut
942 4351 967 4404 ei
983 4352 1044 4422 quis
1058 4368 1092 4405 ex
1104 4348 1202 4421 populu
1218 4350 1267 4405 ali-
