3075 4867
244 280 317 355 178
408 277 619 352 euersum
633 280 690 347 ET
703 278 839 348 Goaul
850 278 1183 348 COMMENTARIUS

240 440 326 515 περιέ
345 461 429 507 αστος
444 437 645 497 evaseramus
658 438 708 496 καλ
723 440 881 511 σύντροφος
895 444 947 497 τοῦ
963 441 1106 511 Καίσαρος
1129 438 1245 510 γίνεται.
1280 441 1332 497 τιό
1367 470 1370 475 ·

239 530 299 569 τιον
340 512 353 568 l
376 516 432 568 τῶν
454 508 619 583 ἆξιυιμοὶτοιν
641 507 696 581 τὴν
711 512 895 581 καινοτομίαν
911 508 927 565 ό
946 505 960 565 ἒ
981 506 1013 574 dc
1028 506 1122 579 πατὴρ
1141 507 1346 579 προσεξεόρατο

240 583 370 651 tondete,
398 586 459 644 τοῖς
480 577 513 634 dl
537 579 586 635 καλ
601 579 868 667 παραχρησάμενος·
892 575 962 649 τόμ
1012 574 1066 648 γὰρ
1083 576 1348 651 πανυπερσέβαστος

240 651 291 707 καὶ
306 646 552 722 σεβαστοκρότυρ,
567 648 618 703 καὶ
633 667 688 703 οσα
704 653 842 717 τοιαῦτα,
867 645 1076 703 συντεθεικόναι
1098 646 1348 734 παραμρησιίμενος

242 722 391 791 φαίνεται·
409 718 541 791 σεβαστολ
573 714 611 785 cip
628 714 658 771 ολ
675 718 795 789 βασιλεῖς
811 715 954 772 ἀνέκαθεν
970 718 1071 779 κοινῶς
1087 712 1144 771 sivo
1165 718 1281 787 αζοντο,
1299 718 1348 771 καλ

228 808 281 859 ἠν
303 784 466 854 ἰδιαζόντως
488 784 529 850 είς
552 736 667 858 βασιλέα
690 785 840 857 λεγόμενον
855 783 889 841 τὸ
906 788 958 841 τοῦ
975 787 1111 858 σεβαστοῦ
1145 804 1236 852 νομα·
1263 782 1348 847 crisie

242 854 277 914 di
299 856 339 921 ε’ίς
362 854 395 911 τό
416 853 578 924 κοινότερον
597 851 735 923 πρότερον
756 854 910 925 κατήνεγκε
927 851 979 925 τὴν
1001 852 1137 925 τοιαύτην
1154 850 1248 921 όξίαν.
1290 864 1348 909 erat

241 927 326 1049 εοίμε,
351 944 402 1048 pon
423 925 714 1047 {ihsesppseebspptdplpnsed¹²
729 930 757 978 et
772 926 1205 1047 domepiticopuppppypersebastpp
1222 925 1347 1009 humilior,

241 1013 601 1123 1ἷίιιλῑυιξίοιιιόιειλῃόλεικετὶι
617 1010 1049 1149 όίηἷιὶιιὲοενῗτῐιωοῦτεεροτόσ
1059 1010 1248 1118 goddinga
1261 1011 1348 1149 {mppr
1396 1026 1399 1033 Ι

242 1130 325 1203 ραιός
349 1128 474 1205 βασιλνός
496 1128 547 1185 daei
570 1128 636 1195 βέος
657 1129 791 1201 μειζόνων
812 1132 906 1185 κακῶν
930 1128 1073 1186 duceretls
1100 1132 1251 1203 πρεσβείαν
1276 1149 1349 1197 προς

241 1200 331 1259 αότόν
347 1198 637 1272 (παννπερσέβαατον)
653 1199 703 1255 καί
727 1196 788 1269 ἅμα
803 1204 838 1272 τῇ
855 1201 987 1275 πρεσβείᾳ
1012 1198 1061 1253 καλ
1077 1196 1114 1255 τοὶ
1137 1202 1189 1255 τοῦ
1211 1204 1346 1268 Καισαρι-

242 1274 296 1327 κοῦ
320 1267 476 1341 όξιῶματος
501 1267 635 1340 σόμβολα.
670 1270 833 1323 illustriore·
857 1278 944 1323 tamen
967 1288 983 1322 a
1003 1270 1086 1341 prima
1114 1286 1160 1323 sua
1188 1270 1349 1323 institutione

242 1342 392 1397 reddiderat
408 1342 476 1394 idem
492 1339 648 1409 imperator,
665 1346 696 1391 ut
714 1342 782 1411 epud
800 1342 946 1408 Gregoram
962 1340 1046 1407 ipsum
1062 1340 1176 1407 reperies
1193 1339 1252 1393 libri
1269 1356 1347 1410 prue-

244 1412 360 1467 cedentis
384 1418 449 1464 sect.
466 1412 510 1465 28.
528 1416 556 1462 et
572 1416 602 1461 ut
616 1409 743 1463 illustrem
758 1410 835 1463 valde
851 1410 939 1463 laudat
955 1410 1063 1461 Nicetes
1078 1409 1105 1461 in
1123 1408 1269 1462 Andronico
1286 1409 1303 1460 l.
1322 1411 1347 1461 1.

329 1538 358 1597 p.
374 1522 434 1582 8v.
453 1518 499 1577 13.
534 1513 782 1592 Protovsstiafius]
807 1515 914 1595 primus
934 1516 1092 1593 praefectus
1113 1515 1250 1591 vestiarii,
1270 1514 1347 1573 cuius

242 1624 315 1663 uxor
324 1604 532 1680 psalmatione
544 1599 736 1677 salutabatur,
756 1608 790 1657 ut
806 1608 851 1659 est
870 1603 948 1680 apud
969 1601 1081 1658 Annam
1095 1601 1271 1660 Comueuam
1289 1598 1307 1657 l
1326 1606 1346 1665 6

243 1688 370 1749 Alexiad
389 1689 425 1745 de
439 1686 655 1765 protovestiario
670 1687 783 1765 saepius
797 1687 910 1745 dabitur
925 1687 1035 1745 dicendi
1048 1686 1136 1745 loeus.

312 1802 376 1871 p.8
398 1818 426 1853 v.
448 1802 491 1853 18.
526 1798 673 1853 vestiarium
695 1800 775 1853 adibit
799 1800 843 1869 qui
867 1800 900 1853 de
925 1800 1125 1869 protovestiario
1148 1798 1272 1853 sollicitus
1297 1804 1346 1851 est.

242 1872 399 1929 paliarium
415 1884 595 1937 nonnunquam
611 1870 721 1921 caditur
738 1875 794 1931 est,
810 1872 1010 1937 terceniacus,
1034 1878 1161 1939 pacatum
1178 1870 1245 1922 sutis
1255 1875 1293 1921 est
1303 1886 1347 1920 oe-

243 1945 341 2007 νείατα,
355 1939 425 1991 sicut
441 1938 588 1990 calciarium
606 1945 727 2020 quantum
743 1938 972 1991 calceamentorum
995 1956 1102 1991 necesse
1117 1945 1166 1991 est.
1199 1936 1347 1990 vestiarium

241 2012 270 2063 in
286 2008 424 2080 postremis
439 2008 513 2061 libris
532 2007 636 2060 Codicas
659 2014 685 2058 et
706 2007 733 2058 in
756 2006 860 2059 Notitia
879 2008 983 2077 Imperii
1005 2008 1107 2077 accipe,
1136 2008 1164 2059 in
1188 2024 1240 2076 que
1262 2014 1345 2058 vesta·

239 2078 367 2169 principis
383 2076 528 2129 conduntur
552 2086 579 2128 et
600 2085 767 2144 reponuntur.
801 2076 985 2159 Moschopulus
1002 2077 1046 2129 lib.
1065 2076 1105 2129 cui
1123 2076 1212 2129 titulus
1229 2069 1346 2143 συλλογὴ

243 2147 366 2203 Ascendo
379 2142 541 2214 όνομοὶττονε
567 2143 769 2215 βεστιοαρότης
791 2139 807 2197 ὁ
832 2139 955 2214 όαπτης·
982 2144 1078 2215 βεστία
1100 2140 1154 2213 peip
1177 2138 1257 2211 παρὰ
1277 2140 1347 2195 ‘Peo—

241 2217 337 2287 μαίοις
353 2210 389 2269 coi
407 2211 519 2282 ἱμάτια,
535 2206 565 2278 ἐξ
582 2202 618 2268 ori
634 2212 685 2266 καὶ
701 2212 859 2284 βεστιοίριον
876 2214 993 2282 κυρίως,
1011 2208 1043 2267 ἐν
1061 2202 1138 2285 picci
1155 2207 1283 2284 βασιλικοὶ
1302 2206 1345 2265 ἔν-

242 2283 355 2355 όόματα
372 2280 572 2351 φυλάσσονται.
607 2282 760 2335 Guillelmns
778 2284 876 2350 Tyrius
895 2283 912 2337 l.
931 2284 1082 2337 sustollo
1100 2300 1191 2335 sacro:
1210 2285 1347 2349 puosncto

242 2373 276 2409 er
287 2354 466 2423 imperialibus
475 2352 606 2404 vestiariis
616 2353 706 2403 oblate
715 2359 777 2405 aaut
791 2353 925 2421 praedicto
941 2354 1000 2406 niro
1019 2354 1049 2404 in
1064 2370 1131 2405 αυνο
1146 2354 1259 2404 uestibus
1277 2354 1362 2403 υαείε-

243 2433 272 2479 et
295 2424 415 2493 pretiosis
436 2422 579 2489 lapididus.
612 2420 685 2474 sides
705 2420 733 2472 iu
756 2421 876 2474 vestiario
894 2430 1043 2475 nonomine
1062 2421 1137 2474 ruodo
1154 2421 1201 2475 sed
1218 2427 1246 2472 et
1261 2436 1347 2472 aurum

244 2509 308 2546 vasa
330 2491 430 2561 lapides
453 2489 579 2559 pretiosor
601 2489 707 2559 reponi,
732 2490 801 2542 unde
824 2491 939 2543 nonnulli
961 2490 1077 2544 vestiarii
1092 2489 1258 2558 thesaurique
1275 2504 1348 2541 unam

243 2563 419 2631 acceptionem
438 2558 603 2611 contendunt.
636 2558 774 2610 vestiarius
789 2558 880 2628 itaque
902 2559 946 2628 qui
969 2559 1140 2613 huiuscemodi
1165 2564 1254 2621 curet,
1286 2574 1348 2629 pro·

245 2633 312 2695 fert,
329 2628 460 2701 recondit,
479 2632 607 2680 asservat.
640 2626 663 2680 is
679 2624 835 2698 βεστιοίριος
851 2627 975 2692 Graecis,
996 2635 1026 2680 ut
1042 2628 1162 2681 Zonaree
1179 2628 1205 2680 in
1221 2626 1347 2693 Eudocie,

245 2699 335 2752 loanni
351 2698 509 2751 Damasceno
526 2695 649 2747 monacho
667 2704 695 2750 et
716 2696 780 2748 aliis.
817 2697 937 2767 princes
958 2698 1067 2749 omnium
1089 2691 1348 2766 προοτοβεστιόριος,

244 2769 279 2821 de
318 2783 352 2819 uo
381 2767 408 2818 ia
428 2766 572 2834 praesenti,
591 2766 662 2817 cuius
683 2782 775 2818 nomen
796 2762 857 2817 iam'
872 2784 890 2819 a
933 2767 1045 2835 heophili
1060 2766 1218 2835 temporibus
1236 2764 1348 2832 agnitum

243 2784 318 2906 apsi
330 2836 531 2903 Theophanem,
547 2851 564 2886 a
580 2834 689 2887 caeteris
706 2835 799 2888 deinde
815 2835 943 2889 historicis
958 2841 1121 2905 usurpatum,
1140 2850 1156 2887 a
1173 2834 1270 2901 magnis
1286 2834 1350 2885 viris

246 2904 377 2957 ambitum.
412 2903 649 2972 penhyperaebasto
666 2904 776 2955 nondum
792 2903 911 2956 instituto
928 2920 944 2955 a
960 2904 1100 2958 domestice
1117 2904 1243 2970 dignitate
1257 2918 1350 2955 secun·

245 2975 296 3027 dus
314 2972 381 3035 tuit,
402 2979 508 3025 auctore
527 2971 647 3023 Cedreuo
664 2972 690 3023 in
708 2972 879 3025 Constantino
897 2972 1004 3027 Romani
1035 2974 1104 3027 filio:
1132 2968 1278 3025 Νικόλαον
1295 2965 1348 3039 γὰρ
1402 3022 1404 3029 ,

246 3036 300 3095 τόν
315 3043 428 3107 πρῶτον
443 3034 532 3092 αότοῶ
548 3036 760 3108 θαλαμηπόλων
784 3038 949 3095 βουέστικον
971 3038 1144 3113 προεβάλετο
1167 3041 1224 3093 τῶν
1245 3040 1350 3109 σχολῶν

245 3109 295 3165 καλ
317 3105 582 3177 παρακοιμῶμινον,
616 3106 787 3177 Νικηφόρον
808 3105 841 3162 di
863 3105 914 3163 τὸν
937 3106 995 3179 μετ’
1018 3105 1127 3165 ἐκεῖνον
1147 3104 1184 3163 cri
1206 3109 1350 3175 δευτερεῖα

245 3176 372 3248 φέροντα
393 3175 656 3249 πρωτοβεστιόριον.
692 3186 721 3230 ut
743 3179 884 3232 domestico
907 3180 1050 3249 proximus,
1076 3196 1107 3233 ac
1129 3196 1183 3232 rem
1199 3177 1347 3231 vestiarium

245 3257 375 3313 masas,
399 3265 487 3301 sacras
503 3247 603 3300 Christi
618 3246 713 3301 fascios
728 3248 755 3300 in
773 3249 947 3301 ecclesiastica
961 3250 1125 3320 processione
1141 3254 1246 3317 gestare
1265 3247 1346 3299 maui-

244 3318 294 3373 bus
310 3318 390 3371 audet
405 3317 473 3388 apud
492 3318 635 3370 cedrenum
654 3315 681 3368 iu
698 3317 822 3370 Michaole
838 3318 1012 3389 Paphlagone.
1045 3318 1083 3371 illi
1100 3318 1132 3371 ed
1143 3316 1285 3371 cubiculum
1297 3315 1346 3367 im-

244 3386 374 3458 peratoris
389 3404 437 3439 nec
453 3404 503 3439 non
520 3386 574 3438 ini
607 3403 712 3438 οιεοτο
735 3387 852 3439 eubiculo
876 3387 987 3441 dormire
1009 3388 1050 3441 ias
1073 3393 1138 3441 erat.
1173 3386 1228 3438 Leo
1248 3386 1345 3437 Gram-

244 3456 354 3509 maticus
370 3455 397 3508 in
414 3455 542 3509 Michaele
552 3456 578 3507 T
597 3456 690 3525 cophili
701 3455 770 3511 filios
797 3454 917 3508 ἔνδοθεν
938 3452 971 3510 di
987 3458 1040 3510 τοῦ
1056 3458 1189 3516 κοιτῶνος
1207 3442 1244 3522 ἦν
1262 3456 1345 3506 Βασι-

244 3518 386 3587 λιακιανός
401 3525 437 3593 τῇ
451 3521 580 3595 βουλήσει
595 3527 648 3577 τοῶ
665 3520 797 3594 βασιλέως
812 3519 942 3588 όπνῶσας
957 3518 988 3579 ἐν
1009 3526 1045 3597 τῇ
1060 3525 1139 3596 κλίνη
1163 3524 1215 3577 τοῦ
1232 3518 1343 3577 ‘Pessu-

245 3591 310 3646 κίου
325 3589 397 3659 πρός
418 3590 548 3659 φυλακὴν
577 3588 674 3646 occisori.
710 3603 766 3646 erut
788 3594 930 3650 Rentaeius
954 3595 999 3647 ille
1022 3593 1250 3666 protovestiarius,
1276 3592 1346 3661 prius

245 3660 331 3730 aliquo
347 3669 465 3731 tempore
481 3679 497 3713 a
514 3661 641 3715 Michaele
657 3661 689 3712 ad
714 3665 865 3717 monendum
889 3664 922 3717 de
945 3664 1041 3717 Basilio
1064 3663 1210 3717 coronando
1232 3661 1346 3733 patriar-

244 3729 319 3783 eham
335 3731 443 3797 missus,
460 3739 489 3785 et
504 3739 590 3784 vestes
605 3730 753 3801 regiumque
769 3738 920 3803 apparatum
936 3750 1033 3789 omnem
1049 3734 1208 3804 prolaturus.

330 3866 359 3923 p.
377 3846 398 3906 9
413 3864 440 3903 v.
456 3843 487 3916 4„
506 3841 627 3925 όμέγας
642 3846 728 3923 dorii]
748 3853 849 3905 notum
861 3853 905 3906 est
926 3850 1003 3907 unde
1022 3848 1124 3907 Graeci
1146 3847 1225 3907 ducis
1244 3864 1346 3905 nomen

245 3930 412 4008 acceperint,
433 3930 499 3988 inde
518 3927 666 3992 δοόκαινα
682 3932 761 3989 ducis
781 3952 869 4010 uxor,
889 3932 1008 3993 Nicetes
1030 3935 1059 3990 in
1083 3932 1181 3992 Alexio
1200 3933 1345 3991 Comneno

244 4015 264 4075 l.
284 4020 311 4079 1.
333 4016 459 4092 δουκῶς,
482 4009 647 4091 duceudos,
669 4011 813 4089 dccxciii,
835 4018 978 4081 δουκόδα.
1020 4021 1153 4095 Synodus
1170 4018 1344 4077 Florentius:

245 4099 298 4163 καὶ
316 4100 349 4163 oi
359 4097 480 4185 μεγόλοι
499 4094 645 4175 edidicere
658 4099 710 4163 καλ
734 4098 863 4185 βηγόῶες
877 4104 928 4167 κοιλ
947 4100 1104 4177 βουνιάδες.
1123 4104 1241 4181 legimus
1262 4103 1346 4161 etiam

246 4186 279 4247 oi
298 4186 421 4261 δοῶκαι,
439 4180 493 4248 τόν
517 4188 613 4249 derina
636 4186 686 4249 sel
713 4188 840 4251 δοῶιιαν.
870 4188 976 4267 Tyrius
1001 4196 1097 4267 magni
1114 4191 1191 4249 ducis
1210 4188 1346 4261 meminit,

244 4271 297 4329 sed
308 4271 412 4333 iunctis
426 4280 456 4333 et
464 4274 605 4357 corruptis
619 4273 772 4355 vocabulis,
785 4273 892 4341 2014:
909 4280 983 4339 asar
996 4295 1055 4337 cura
1068 4276 1153 4338 τίοιετ
1162 4275 1195 4335 de
1205 4278 1263 4335 suis
1269 4276 1346 4355 prin·
