3075 4867
544 284 590 352 rn
611 251 761 353 conmr
789 284 873 353 cur.
891 285 951 357 nr.
1224 284 1299 357 245

191 464 278 506 causa
299 447 399 507 focas.
441 445 586 506 Robertus
605 446 643 505 de
662 444 764 505 Monte
784 447 814 504 in
835 446 991 507 Chronico:
1012 466 1062 508 ren
1077 444 1211 509 Haricus
1226 449 1298 528 fecit

185 532 297 612 socrate
311 532 371 593 ulta
391 537 418 590 et
431 531 491 592 tutu
504 537 574 594 inter
592 530 736 592 blancam
750 537 776 591 ct
796 528 987 596 Nonnarmiom
1000 534 1037 592 ud
1050 535 1193 613 praedam
1205 552 1299 594 urcen-

142 688 146 703 .
188 618 245 678 dor.
288 614 419 680 Andreas
432 618 580 696 presbyter
599 618 630 675 in
648 616 790 677 Chronico
810 616 960 679 Bavarico:
990 619 1154 697 Rutiupanue
1174 640 1193 679 a
1216 626 1298 699 portu

189 703 225 767 S.
240 702 317 763 Petri
334 721 418 781 usquc
431 710 537 781 partum
552 703 738 764 occidmmen
750 704 887 783 Qualem
904 707 1019 763 munus
1032 704 1094 783 (der
1108 704 1295 781 rtudtgrubcn)

187 789 442 867 in‘totepcrfieitur.
484 789 608 848 invenies
627 788 725 845 itidem
744 782 920 866 φουσσάτον
947 795 978 848 et
991 782 1156 867 qouedrov.
1180 790 1248 865 quin
1265 794 1295 848 et

186 866 306 951 simplex
317 870 565 953 vocabulumsosru
575 893 658 931 suum
669 874 773 947 secere;
788 876 819 930 et
833 876 954 951 φοσσᾶν
962 872 1072 951 fedas,
1081 871 1294 954 feruefacere.

187 958 287 1018 eadem
301 957 419 1017 notione
432 965 572 1038 usurpant
586 957 719 1031 atteror,
740 978 794 1036 pro
808 959 906 1017 saenis
921 958 1033 1018 scilicet.
1068 958 1188 1017 Suidas:
1210 955 1294 1021 ottr-

186 1065 241 1105 τον
256 1039 293 1106 ud
306 1037 480 1121 φωσσάτον.
498 1044 535 1103 ab
554 1045 654 1103 eadem
672 1044 789 1103 notione
805 1049 851 1102 est
876 1038 1028 1125 diminutor
1047 1041 1202 1123 (significat
1218 1043 1293 1103 enim

152 1125 158 1139 '
186 1126 296 1207 eastra)
311 1134 342 1187 et
356 1120 555 1207 ἆπλφιεύειν,
576 1148 611 1187 ex
629 1127 735 1188 Latino
749 1129 902 1206 applicare,
922 1136 1012 1189 cuono
1033 1132 1135 1188 netad.
1156 1128 1221 1185 vide
1240 1126 1293 1186 Ri-

185 1212 306 1290 galtium
330 1213 361 1273 in
384 1232 438 1272 suo
462 1214 661 1275 blixoburbaro
683 1220 715 1273 et
744 1212 898 1275 meursium
915 1214 945 1275 in
968 1234 1021 1274 suo
1041 1212 1292 1275 GraecoBarbaro

185 1298 341 1364 Glossario.
1289 1345 1293 1353 r

272 1397 468 1479 p.26v.17.
495 1396 646 1479 praefectus
666 1397 763 1476 uirgis]
789 1416 848 1458 non
871 1398 942 1457 satis
965 1397 1059 1457 mirari
1080 1414 1197 1476 possum
1220 1395 1295 1471 quid·

185 1481 267 1543 Iunio
277 1485 308 1543 ln
320 1490 444 1544 mentem
457 1485 581 1562 venerit,
601 1490 635 1543 ut
652 1500 749 1542 uocem
763 1480 875 1565 ἄλογον
890 1483 926 1543 ab
943 1484 1074 1543 Hebraea
1095 1482 1176 1541 boloe
1195 1478 1290 1561 (quod

184 1575 231 1627 est
242 1566 297 1649 ire)
318 1569 479 1648 deduxerit,
500 1590 562 1629 cum
576 1568 638 1627 luce
650 1568 750 1629 clarius
762 1570 801 1628 sit
815 1565 925 1650 ἄλογον
945 1588 1007 1627 esse
1023 1586 1119 1627 vocem
1140 1566 1290 1642 Graecam,

185 1656 267 1730 quasi
285 1654 362 1713 dicos
381 1656 553 1725 brenmula
574 1673 632 1729 quo
646 1655 758 1713 nomine
776 1655 945 1713 recentiores
964 1654 1066 1713 Graeci
1083 1672 1160 1731 equos
1181 1651 1290 1729 signiti-

183 1749 258 1822 eant.
278 1738 444 1817 Anonymus
458 1741 536 1819 apud
549 1738 720 1816 Rigultiumz
741 1736 836 1823 ἄλογα
851 1742 910 1822 ζῷα
922 1732 1096 1819 νωτοφόρα,
1113 1730 1288 1815 ἆχθοφόρα.

182 1830 215 1882 et
228 1823 357 1883 absolute
370 1845 425 1903 pro
438 1826 519 1902 equis
532 1825 655 1883 invenies
670 1826 748 1902 apud
765 1824 931 1883 Mauricinm
945 1822 1071 1883 Leonem
1089 1828 1119 1881 et
1135 1820 1221 1880 alios.¹
1232 1821 1288 1880 ita-

185 1928 242 1983 que
250 1906 398 1969 [umanum
412 1910 534 1969 totamm
549 1909 696 1987 ablegetur
706 1910 743 1969 ad
754 1911 883 1969 nuntium
895 1906 946 1969 seu
958 1910 1111 1986 viatorem,
1132 1925 1233 1985 quem,
1253 1908 1290 1973 nt·

182 1994 280 2053 lmrius
293 1995 404 2073 inquit,
426 1994 538 2056 Tuscae
552 1994 698 2076 appellant
709 1994 799 2054 balac.

267 2095 304 2155 ab.
323 2114 351 2154 v.
370 2098 422 2159 21.
441 2100 568 2154 mutzucu
587 2094 669 2153 lunio
681 2100 726 2153 est
739 2095 833 2175 dave,
854 2114 889 2155 ex
905 2094 1002 2154 Italico
1022 2088 1171 2152 Mosrovel
1189 2089 1285 2169 potius

108 2168 115 2184 ’
184 2179 293 2240 Gallico
307 2178 437 2257 Maccui,
458 2185 492 2239 ut
504 2179 604 2257 inquit
623 2180 754 2237 scribitur
773 2183 857 2241 etiam
877 2173 1064 2260 ματζοόκιον.
1091 2177 1196 2235 ibidem
1214 2192 1285 2253 στη·

181 2260 265 2329 iero'v
280 2267 386 2347 accipio
400 2286 453 2345 pro
466 2264 552 2325 conto
564 2284 616 2323 seu
629 2265 723 2324 hastili
736 2272 897 2344 manneae,
917 2266 964 2323 der
980 2264 1058 2333 stiel3
1082 2263 1112 2321 in
1128 2260 1205 2318 cuius
1221 2278 1284 2317 ver-

183 2352 239 2409 tice
248 2358 310 2409 erat
321 2354 461 2431 βουτίον,
478 2352 578 2427 butta,
599 2370 669 2429 cupa
684 2369 735 2408 seu
751 2353 866 2430 capello..
883 2350 1012 2409 scribitur
1026 2364 1140 2424 quoque
1158 2342 1285 2425 βοντέον

183 2455 251 2514 seu,
277 2442 310 2495 nt
332 2435 490 2515 Rigaltius‚
519 2428 676 2515 βούττιον,
704 2434 829 2517 flodoin,
855 2430 1010 2517 βούτζιον,
1043 2428 1179 2513 poderem
1209 2447 1283 2503 quae

182 2540 241 2580 non
255 2527 366 2581 tannim
379 2541 480 2602 cupam
492 2539 544 2578 seu
557 2519 712 2600 cupellam,
731 2522 783 2578 sed
795 2522 859 2599 ipsa
872 2520 956 2581 etiem
973 2520 1084 2595 integra
1098 2535 1166 2575 vasa
1178 2514 1284 2571 vinaria

182 2607 358 2684 significant,
378 2613 413 2664 ut
434 2612 465 2663 te
487 2606 517 2663 in
538 2605 689 2664 Glossariis
709 2605 768 2663 suis
785 2612 931 2670 auctorum
954 2602 1118 2662 testimoniis
1140 2599 1283 2658 docebunt
1298 2594 1320 2648 P
1336 2592 1391 2647 2⁰3

180 2690 323 2768 Rigaltius
351 2691 491 2751 Meursius
517 2696 548 2748 et
566 2690 752 2747 casaubonus
771 2692 809 2748 ad
831 2688 1022 2768 Capitolinum
1035 2693 1065 2746 et
1083 2685 1210 2745 Flavium
1223 2682 1283 2741 Vo-

181 2777 291 2855 piscum
303 2798 332 2856 p.
343 2775 424 2855 412,
444 2777 515 2839 622.
534 2774 681 2833 Germanis
694 2775 761 2833 inde
773 2776 850 2840 verrit
865 2777 970 2846 butten,
992 2775 1030 2831 de
1044 2791 1111 2831 vase
1125 2769 1281 2845 dorsuario,

181 2879 240 2935 qno
250 2880 322 2921 urae
330 2860 385 2919 iam
395 2882 414 2922 a
425 2859 672 2918 vindemiatoribus
684 2866 808 2918 resectae
822 2878 874 2940 per
887 2859 1043 2919 destinatos
1057 2858 1094 2916 ad
1107 2857 1137 2913 id
1153 2856 1281 2913 homines

180 2945 349 3024 colliguntur
363 2951 394 3003 et
408 2946 446 3004 ad
459 2943 582 3003 torcular
594 2946 774 3023 deseruntur,
793 2963 955 3020 quanquam
968 2946 1057 3001 buttes
1069 2942 1167 2999 itidem
1178 2944 1282 2998 vocant

180 3031 237 3091 alia
250 3029 392 3091 dorsualis
405 3032 601 3106 instrumenta,
616 3031 653 3088 ad
666 3030 873 3089 similitudinem
886 3029 984 3087 vinarii
997 3028 1069 3085 illius
1083 3027 1167 3084 sacta.
1188 3022 1280 3100 quid?

182 3117 261 3192 quod
273 3116 374 3175 Graeci
387 3134 489 3193 cupam
502 3132 617 3191 quoque
629 3115 659 3171 in
679 3134 761 3173 suam
781 3114 906 3192 linguam
925 3112 1146 3188 transtulerunt,
1167 3112 1280 3170 aedna-
1305 3158 1308 3174 ,

181 3202 309 3261 adfertur
321 3201 407 3259 etiam
420 3192 579 3281 βοῦτινον,
598 3199 693 3259 bunna
701 3220 753 3278 pro
768 3197 877 3277 lagena.
898 3198 982 3257 butto
1002 3215 1098 3255 sacrae
1116 3192 1279 3272 supellectili

180 3286 344 3364 adiungitur
359 3286 395 3345 ab
409 3285 560 3345 Anastasio
572 3284 602 3341 in
615 3282 713 3344 Leone
728 3284 784 3343 IV:
807 3284 901 3344 obtulit
915 3288 944 3342 in
957 3282 1071 3341 basilico
1081 3282 1105 3338 b.
1122 3279 1198 3337 Petri
1211 3296 1279 3353 opo·

180 3372 247 3431 stoli
265 3372 397 3431 &aaran
413 3371 447 3431 du
465 3374 576 3447 urgello
585 3374 736 3446 partesue.
756 3369 858 3446 igitur,
877 3373 910 3426 ut
929 3368 995 3427 hinc
1014 3366 1162 3439 abeamus,
1185 3366 1278 3422 contus

179 3457 527 3535 duanidipratologatoris
544 3452 668 3515 babebat
680 3456 710 3513 in
722 3454 825 3515 vertice
838 3452 980 3533 βουτίον,
1003 3451 1034 3507 id
1054 3449 1181 3509 nimirum
1200 3446 1277 3521 quod

180 3541 316 3603 Germani
328 3541 426 3599 dicunt
438 3544 481 3601 ein
493 3540 638 3619 trippeler'n.
656 3558 753 3599 venun
765 3539 836 3599 haee
848 3538 942 3597 omnia
954 3555 1080 3598 eversum
1092 3534 1116 3593 it
1129 3532 1279 3607 Meursius,

182 3628 233 3703 qui
251 3628 282 3686 in
305 3626 660 3706 &coniectionem
677 3625 801 3685 affirmat
818 3624 968 3701 legendum
994 3640 1052 3680 non
1082 3618 1204 3700 βουτίον
1225 3616 1277 3675 sed

180 3713 341 3793 liovlilov,
362 3713 440 3788 quod
452 3717 498 3770 est
516 3712 665 3785 orbicalus,
684 3708 808 3769 circulus.
829 3710 881 3768 sed
901 3729 964 3769 cum
979 3708 1034 3766 boc
1052 3706 1112 3763 sine
1133 3704 1214 3761 ullius
1232 3720 1276 3760 ms

179 3799 285 3856 codicis
297 3799 465 3857 auctoritate
478 3800 601 3873 asserat,
614 3814 673 3855 non
686 3800 731 3855 est
744 3815 793 3853 cur
805 3799 919 3855 nostrae
932 3792 1067 3868 lectionis,
1084 3808 1156 3866 quae
1168 3789 1276 3849 calamo

179 3884 301 3942 exaratis
314 3881 516 3962 exemplaribus
527 3881 653 3959 fulcitur,
667 3900 720 3942 nos
733 3885 783 3939 aut
797 3882 942 3961 poeniteat
955 3884 1005 3939 aut
1015 3877 1127 3955 pigeat,
1146 3875 1199 3933 nisi
1214 3873 1276 3948 quis

178 3968 259 4028 malit
270 3967 505 4047 legere-rooplw
513 3967 683 4047 morulam
696 3987 715 4027 a
727 3966 818 4046 tuplra
837 3984 887 4024 seu
906 3966 975 4025 tufa.
996 3962 1114 4021 Snidas:
1136 3953 1276 4029 στειλειός

177 4048 214 4115 vd
230 4057 286 4135 τῆς
294 4048 404 4135 ὀξίνης
415 4045 507 4129 ξύλον
519 4056 573 4111 ete.
586 4053 647 4111 rtiel
658 4073 696 4113 un
707 4050 755 4114 der
766 4058 824 4113 act.
845 4056 875 4111 et
896 4054 970 4111 forte
982 4049 1028 4111 bie
1048 4046 1134 4107 etiem
1153 4042 1275 4104 scriben-

177 4140 247 4199 dum
260 4143 415 4216 στειλείος,
437 4157 495 4197 non
508 4130 652 4217 στηλειός.

249 4238 313 4293 ibid.
345 4231 383 4307 ἣν
407 4232 551 4299 ἰδιωτικῶς
578 4235 694 4289 mono
714 4235 883 4305 eustosinus]
913 4232 950 4288 ita
976 4218 1029 4285 cst:
1061 4229 1139 4283 claua
1170 4218 1273 4277 ἰδιωτι-

177 4307 235 4372 ’ῑίὸθ
250 4301 372 4403 θξΏΕΙςο
388 4305 545 4378 purgatius,
560 4308 588 4360 et
599 4310 629 4360 ut
645 4304 744 4362 audtte
760 4306 916 4368 Gretsetus,
933 4320 949 4355 e
965 4299 1067 4355 Galliae
1083 4309 1198 4363 muman,
1225 4307 1275 4345 ve-
