3075 4867
539 292 585 363 iN
612 292 761 406 commi
781 294 867 365 CAP.
896 294 942 361 V.
1088 342 1092 350 =
1225 292 1299 365 263

192 465 219 518 et
233 475 267 518 ea·
279 456 344 519 otiis
354 460 506 537 praecipuis
520 442 625 518 sedibus
636 476 683 537 per
698 459 823 517 diaconos
834 458 866 517 id
879 456 996 538 effidem
1008 459 1204 539 arimannis,
1226 464 1298 520 sicin

193 547 268 603 sacri
291 562 400 603 canones
416 545 514 602 iubent.
536 551 561 602 et
581 549 610 603 im
632 544 675 602 liis
700 544 847 621 cisalpinis
865 545 1030 621 regionibus,
1048 551 1191 624 postquam
1219 546 1297 606 Hlu-

194 632 306 691 dovicns
333 628 527 707 praedicatione
550 628 582 687 S.
607 628 732 705 Remigii
757 630 796 687 ad
817 628 956 689 'cbristnm
976 649 1111 689 conomius
1132 636 1158 689 et
1182 631 1217 689 ab
1237 635 1297 709 ipso

193 716 351 775 cimicibus
365 715 472 773 mitibus
488 712 652 773 Francorum
673 719 704 773 in
715 713 813 789 sigilm
834 712 866 773 S.
876 715 993 792 poscbas
1007 715 1161 792 baptisatus
1179 720 1297 791 institit,

187 820 239 879 per
252 802 426 859 successiones
438 818 529 875 regum
543 798 575 858 S.
591 802 705 877 episcopi
716 818 750 858 ec
767 800 824 857 suis
838 800 944 858 redibas
965 806 991 858 et
1011 806 1123 879 ternpore
1144 804 1297 880 campetemi

83 894 87 903 ’
189 886 326 964 palatium
344 886 485 943 visitantes
503 887 621 942 uicissim
641 885 711 943 banc
726 883 979 943 admunitionem
1001 884 1193 961 disposuerant.
1221 892 1293 946 etr.

195 972 245 1033 16.
269 971 459 1049 apocrisiarius
478 976 581 1041 autem,
604 988 677 1047 paens
696 974 825 1027 nostrates
844 969 1009 1048 capellanum
1028 969 1070 1028 uel
1087 972 1190 1048 palatii
1204 977 1294 1029 custo-

193 1054 252 1113 dem
269 1054 419 1131 appellent,
439 1073 535 1112 omnem
550 1054 644 1112 cleram
654 1054 815 1131 palatiisnb
830 1074 896 1114 cura
919 1059 945 1113 et
965 1055 1132 1132 dispositione
1147 1075 1199 1113 sna
1216 1075 1294 1131 rege·
1399 1067 1401 1069 ’

194 1141 248 1198 bat.
269 1139 342 1196 infra
354 1158 377 1197 a
401 1141 441 1201 19
462 1144 492 1197 et
513 1142 574 1201 205
592 1158 606 1196 e
626 1140 719 1216 auibus
731 1142 874 1217 praecipue
891 1139 961 1213 dna,
983 1140 1014 1199 id
1034 1145 1074 1197 est
1094 1143 1294 1218 apocrisiarius,

194 1228 242 1303 pai
258 1230 371 1283 occatur
391 1222 462 1301 apud
486 1244 532 1281 nos
549 1223 701 1300 capellanus
724 1224 767 1281 orl
779 1225 883 1303 palatii
903 1229 1005 1298 mestos,
1027 1223 1060 1282 de
1078 1226 1195 1283 omnibns
1210 1244 1294 1300 nego·

192 1314 241 1368 tiis
259 1308 443 1368 ecclesiasticis
459 1309 502 1367 ert
525 1311 653 1365 ministris
676 1308 816 1385 eeclesiae,
842 1314 867 1367 et
893 1328 975 1384 canes
992 1309 1094 1388 palatii
1115 1309 1148 1368 de
1173 1312 1294 1369 omnibns

192 1394 374 1453 securioribus
383 1396 471 1451 conns
485 1392 525 1451 acl
541 1392 649 1451 iudiciis
662 1394 823 1471 suscipiendi
837 1413 928 1453 caram
945 1397 1074 1453 instanter
1096 1394 1242 1465 babebaat3
1261 1399 1294 1453 nt

191 1498 240 1538 nec
258 1479 430 1538 ecclesiastici
444 1497 492 1536 nec
507 1478 657 1536 saeculares
671 1481 748 1555 prius
763 1479 886 1537 (loommin
907 1498 995 1555 regem
1015 1479 1112 1556 absque
1128 1496 1216 1537 eornm
1230 1498 1292 1537 con-

191 1564 267 1623 salta
279 1567 427 1643 inquietare
439 1582 539 1621 mecona
552 1562 688 1631 baberent,
709 1582 841 1641 panaque
854 1564 899 1622 illi
909 1563 1093 1641 praeviderent
1107 1566 1134 1622 si
1150 1568 1292 1623 necessitas

191 1655 258 1707 essct
273 1656 306 1709 nt
327 1668 412 1707 consa
429 1654 491 1707 ante
513 1667 599 1723 regem
619 1651 710 1705 merito
730 1650 817 1707 uenire
839 1648 956 1721 deberet,
979 1650 1006 1706 si
1025 1666 1087 1707 aero
1106 1654 1205 1707 secreta
1225 1654 1292 1707 esset

191 1752 291 1810 cansa,
310 1752 389 1811 quam
401 1734 478 1811 prius
496 1738 648 1807 congrueret
658 1734 718 1808 regi
730 1752 808 1809 quam
822 1735 946 1810 cuiquam
959 1732 1041 1792 alteri
1061 1733 1161 1802 dicere,
1182 1734 1292 1792 eundem

190 1818 299 1877 dicendi
320 1819 405 1876 locum
429 1816 511 1874 eidem
536 1818 591 1894 ipsi
608 1822 798 1893 praepararent
818 1817 967 1876 introducto
987 1820 1065 1895 prins
1083 1836 1160 1893 rege,
1185 1824 1217 1875 ut
1244 1818 1292 1877 lioc

189 1906 273 1962 iuxta
288 1900 392 1960 modum
399 1920 526 1978 personae
536 1901 578 1958 nel
588 1900 774 1959 honorabiliter
786 1900 829 1959 ael
841 1906 975 1980 patienter
990 1902 1126 1961 meletiam
1143 1904 1291 1961 inisericor-

190 1988 261 2046 diter
288 1989 438 2065 susciperet.
468 1988 656 2065 apocrisiarius
677 1985 780 2063 quidem
807 1985 841 2044 de
865 1990 938 2046 omni
960 1987 1138 2047 eccloeiastica
1164 1987 1292 2061 religione

190 2073 235 2131 ael
248 2072 356 2143 ordine,
375 2090 482 2131 necnon
494 2073 575 2129 enain
592 2069 624 2129 de
641 2074 782 2129 canonicae
796 2070 840 2128 nel
859 2075 1023 2130 marosticae
1040 2071 1224 2144 altercatione,
1245 2090 1291 2130 sese

190 2174 359 2235 pomeremque
372 2156 507 2234 palatium
530 2155 642 2214 adibant
656 2174 707 2233 pro
727 2156 912 2214 ecclesiasticis
926 2157 1138 2230 messaniam,
1157 2156 1291 2213 sollicitu-

190 2244 278 2301 dinem
291 2242 413 2311 balmen
431 2246 457 2299 et
472 2260 504 2299 ea
521 2238 701 2299 tantammodo
715 2238 748 2299 de
770 2244 885 2300 aeternis
901 2259 986 2318 αμα
1006 2241 1127 2317 ameni,
1148 2259 1216 2319 puae
1234 2243 1291 2299 sine

189 2328 243 2387 illa
251 2328 357 2409 plenius
371 2327 478 2405 definiri
491 2345 545 2384 non
555 2327 711 2405 potuissent.
737 2354 738 2359 ι

260 2450 375 2518 Legatos
411 2447 468 2501 sire
498 2444 677 2517 moniminas
703 2444 736 2499 sd
767 2462 800 2500 se
826 2445 919 2500 ninas
945 2443 1071 2514 monada
1101 2443 1288 2500 eontebnletio·

190 2520 280 2582 mbas,
302 2519 373 2572 victu
396 2515 558 2588 suppeditato
582 2521 610 2567 et
634 2522 724 2585 parata
748 2514 861 2586 hospitia
892 2515 988 2567 Graeci
1019 2513 1192 2585 ensdperont,
1224 2532 1288 2567 aan-

189 2588 290 2671 iipinps
313 2604 345 2640 ex
369 2585 521 2667 Luitprapdi
540 2582 671 2705 legatione
696 2586 729 2637 ab
754 2584 864 2655 ipsamet
886 2583 999 2667 scripte,
1024 2583 1140 2668 quemvis
1161 2583 1288 2667 ipsensium

121 2713 126 2719 ·
188 2656 549 2791 {timittittttttt
563 2661 712 2790 ,ittet
728 2653 1289 2791 tittttttttitqiiftttttt
1341 2758 1363 2798 .·

189 2801 278 2849 satore
293 2795 332 2846 ad
349 2793 532 2861 disceptionem
549 2798 662 2843 nestram
673 2793 813 2845 secundnm
825 2808 913 2844 mrum
926 2792 1094 2844 traditionem
1103 2792 1288 2859 sapientissimi

189 2865 257 2932 oiri,
276 2863 363 2916 Attico
384 2863 510 2929 pollentes
532 2860 648 2929 cloquio,
675 2862 793 2914 Basilius
813 2861 1050 2931 paroaimomcnos,
1080 2861 1288 2931 protoascdrctis,

188 2931 404 3004 pretaeritieriai
424 2936 450 2984 et
467 2930 519 2982 dno
535 2929 668 2999 magistri.

275 3065 304 3124 p.
315 3044 356 3113 35
366 3062 392 3103 v.
407 3045 462 3107 20„
482 3040 518 3101 In
531 3062 588 3101 nien
611 3043 706 3103 codice
724 3042 812 3103 Baico
833 3050 877 3103 est
897 3042 1090 3124 inlyvosacov.
1109 3038 1141 3101 in
1161 3041 1288 3118 margine

190 3130 306 3191 additur
324 3130 397 3202 taus
417 3123 649 3209 duenlyoosorou.
678 3147 765 3205 quam
785 3128 930 3189 lectionem
950 3128 975 3187 si
1000 3147 1167 3204 sequamur,
1186 3128 1288 3185 iterum

189 3215 274 3297 plura
286 3216 340 3274 scit
352 3214 492 3274 Menenius
506 3231 590 3289 qnam
604 3213 740 3273 Cadistus.
759 3234 807 3271 nos
819 3219 931 3284 snmus,
952 3216 1060 3289 inquit,
1079 3213 1159 3290 paolo
1172 3211 1287 3288 officium

189 3303 313 3360 babuerit
322 3304 454 3379 pappias:
474 3301 614 3357 eratenim
629 3304 716 3357 custos
730 3299 839 3377 palatii.
858 3300 945 3374 idque
965 3299 1068 3375 probat
1089 3316 1123 3355 ex
1143 3295 1287 3353 Constan-

189 3385 243 3444 tini
263 3384 414 3445 manassae
431 3382 580 3442 Chronico.
613 3382 744 3443 miserum
771 3384 928 3461 Codicum,
956 3384 1005 3457 qui
1028 3380 1181 3440 Manassen
1208 3379 1287 3459 prius

190 3490 251 3530 nan
259 3471 360 3549 legerit
375 3488 460 3547 qnam
471 3468 565 3527 libello
574 3468 622 3527 isti
630 3468 832 3537 comcribendo
844 3486 944 3527 masiae
957 3467 1089 3531 admovit.

159 3638 167 3653 ¹
260 3612 297 3667 ib.
314 3628 343 3669 r.
359 3612 404 3667 22.
423 3606 438 3665 b
457 3603 586 3679 ἔπαρχος]
611 3624 662 3663 nen
679 3608 745 3662 adeo
760 3609 846 3663 mattis
862 3611 924 3662 ante
941 3605 1065 3662 Codicum
1081 3603 1190 3688 sicaniis
1206 3618 1284 3673 pree*

190 3680 255 3735 tecti
270 3680 339 3734 urbis
355 3680 461 3749 rigebat
477 3696 580 3743 manne,
598 3683 628 3731 nt
643 3679 813 3763 expediens
828 3678 856 3731 in
872 3678 960 3763 Leone
976 3676 1095 3760 Armenici
1111 3681 1138 3727 et
1153 3691 1180 3758 cp
1195 3673 1285 3776 Theo:

189 3745 1284 3905 'ilie‘liifliilisffllis‘il‘iiiisiifflsiii‚¹⁸35liil'ipqliissi

189 3904 485 4019 iiliffiibiiss'ii'
493 3887 934 4025 „ttetct‘tttttttfmtt
945 3883 1284 4033 „iiibmiff‘fiiil

188 4028 231 4092 cpi
246 4026 405 4093 πραιτωρίῳ
421 4023 642 4109 ααθείρρθησαν.
675 4038 778 4076 reornni
789 4022 816 4075 ia
828 4021 957 4093 praetorio
967 4022 1041 4074 inere
1051 4038 1178 4074 carcereo.
1200 4016 1282 4097 edem:

192 4093 225 4148 ot
241 4091 274 4148 bb
291 4090 369 4164 ὄχλοι
384 4088 455 4163 ὁμοῦ
471 4108 612 4161 γενομεαοι
628 4084 784 4160 ἐνέπρησαν
798 4086 831 4144 eb
849 4086 1034 4160 πραιτώριον,
1056 4088 1103 4144 inl
1118 4091 1283 4167 indecerpt-

187 4180 235 4217 aas
258 4159 301 4215 aa
359 4180 401 4217 ou.
436 4162 486 4215 imo
513 4160 667 4231 prestariam
689 4161 770 4230 ipsum
791 4176 882 4215 maer
906 4164 955 4214 eit.
990 4159 1105 4212 Zonaras
1125 4158 1152 4210 in
1170 4157 1283 4208 tenacior

188 4226 436 4301 damnatissimi,
461 4224 481 4298 ἣ
496 4225 668 4298 πραιτώριον
684 4226 825 4297 κέκληται.
860 4229 968 4285 Nicetes
984 4228 1010 4281 in
1027 4227 1164 4311 alexio-3,
1180 4224 1198 4275 1.
1216 4238 1283 4291 qno-

187 4316 242 4372 que
258 4302 290 4357 8:
312 4318 329 4354 o
348 4297 440 4371 Λάρος
457 4294 488 4355 n
505 4294 638 4373 daniticos
655 4293 777 4371 elisabe
798 4295 988 4372 aaoioeaoias
1010 4314 1061 4367 cpe
1082 4312 1135 4351 soa
1159 4308 1282 4361 raasso-
