3075 4867
271 306 344 396 146
364 311 369 334 '¹
428 301 640 372 GRETSERI
653 303 708 368 ET
723 299 856 368 GOde
869 296 1205 366 COMMENTARIUS

268 471 383 554 rupino
400 490 451 529 seu
467 463 676 532 ἆπαιδευσίαν.
718 467 906 526 examinemus
923 462 1049 542 singulae
1061 464 1122 522 eius
1135 463 1266 543 ineptiae.
1308 465 1373 524 coin

269 551 484 636 deceptoriae,
505 556 542 614 ad
554 555 676 626 uerbum,
695 553 925 629 untimcneulinm,
943 552 1038 625 inquit
1054 555 1107 608 ete
1149 571 1170 608 a
1185 569 1276 608 men
1291 551 1373 609 dmo-

269 646 369 702 natanti
387 647 448 700 eunt
468 639 500 703 ui
512 633 708 718 α’ντιμίνσιοι,
730 637 905 716 meridient
927 634 1132 710 cammenata,
1153 638 1202 714 qui
1215 633 1254 693 ud
1267 652 1373 694 sacrm

270 745 385 788 mensum
397 729 514 804 primam
529 724 720 803 recipiebantur
735 729 762 780 et
775 725 974 780 comminueret
989 719 1224 780 cucbnrictc'nectc.
1263 721 1295 780 ln'
1304 722 1375 783 min

268 816 346 894 princ
366 830 446 890 quaen
460 809 660 874 admitterentur
679 805 717 865 nd
742 809 944 866 connum‘oncm
970 825 1091 882 snam,
1119 805 1238 864 edebant
1256 805 1374 864 eoelestie

272 903 336 958 unte
349 913 464 954 neman
477 897 540 953 ern
552 888 603 957 aut
617 888 671 954 cdv
683 893 745 952 wie
761 884 957 971 deceptoriae
972 887 1117 970 ἄρχοντα,
1134 896 1278 970 posteaque
1288 889 1375 949 eodem

269 987 413 1064 praeeunte
432 979 534 1038 adduci
550 977 588 1037 ud
605 979 822 1048 communionem,
852 981 885 1033 ut
900 974 996 1053 palan
1014 981 1140 1034 testatum
1155 974 1281 1053 feceret,
1311 974 1375 1033 illos

273 1087 336 1126 neor
364 1066 470 1123 carnitco
493 1066 524 1122 in
542 1080 625 1122 unum
644 1080 738 1139 corpus
758 1061 887 1120 coaluisse
907 1077 967 1119 eum
988 1058 1093 1118 Cbn'eto
1116 1065 1144 1118 et
1167 1060 1278 1119 eeelcn‘u
1308 1063 1374 1125 etue

275 1152 319 1210 bic
338 1155 426 1208 nutem
447 1151 518 1207 ritus
538 1143 575 1211 cd
594 1141 784 1225 oivrcploeoov
807 1146 895 1204 dietus
909 1150 957 1202 ert.
997 1144 1110 1203 fabulae
1126 1142 1276 1234 plusquam
1285 1130 1377 1201 Aeso·

275 1235 369 1314 picae3
388 1234 490 1309 quibus
510 1231 668 1291 refellendis
696 1232 744 1288 diu
771 1229 911 1289 immorari
933 1229 974 1288 nil
993 1231 1046 1289 erit
1068 1248 1198 1306 necesse,
1218 1230 1267 1287 ubi
1284 1231 1377 1307 ipsam

275 1321 425 1379 veritatem
450 1317 693 1396 explicaverim,
733 1334 786 1374 uec
805 1316 919 1373 aliunde
939 1315 993 1372 uiei
1016 1334 1051 1372 ex
1080 1312 1252 1373 Graecorum
1276 1334 1379 1373 monu-

276 1404 388 1462 mentis.
430 1404 499 1478 quid
514 1403 601 1480 im'tur
616 1407 684 1460 sunt
698 1400 877 1460 detinemini
906 1403 1081 1470 antinoum,
1101 1399 1194 1475 inquit
1212 1401 1299 1459 illein
1312 1399 1378 1456 lure
1480 1411 1483 1415 ·

277 1487 335 1546 GR
349 1489 397 1547 fol.
411 1489 490 1561 289,
512 1493 610 1546 samus
618 1488 686 1564 fieri
704 1486 801 1557 celita,
821 1485 1068 1563 punndoepteeopao
1079 1491 1230 1544 cnuecratn
1241 1485 1379 1544 emate

231 1631 233 1634 .
277 1593 328 1652 que
340 1573 436 1650 templo
445 1592 563 1652 palmum
572 1590 675 1629 manae
688 1571 850 1629 subeuntum
863 1589 1027 1648 metuantque
1035 1590 1082 1628 scu
1092 1570 1177 1628 altem
1190 1575 1334 1646 tcgmten,
1347 1572 1380 1628 in

271 1657 366 1736 frusta
379 1657 519 1715 dierectum
529 1661 682 1734 pictamque
690 1655 869 1713 sacerdotibus
884 1654 1037 1725 distabuit,
1059 1660 1092 1712 nt
1105 1675 1135 1713 eo
1143 1655 1265 1733 praediti
1275 1656 1381 1732 sacrefi-

278 1746 349 1800 ca'onn
368 1741 462 1818 offerre
484 1747 592 1819 qneuut.
632 1745 700 1798 eunt
722 1740 810 1816 igitur
830 1741 989 1797 andnuman
1010 1757 1044 1796 ea
1065 1757 1138 1813 quae
1159 1741 1236 1817 apud
1260 1738 1380 1797 Latinos

277 1825 382 1904 lapides
405 1829 550 1884 ccmccrati
571 1843 621 1882 seu
648 1843 713 1883 aruc
733 1824 891 1901 portatile,
921 1823 982 1881 siue
1011 1823 1112 1899 quibus
1140 1825 1304 1882 eacuificium
1320 1824 1381 1882 lieri

278 1929 337 1968 non
350 1915 462 1987 potest,
483 1910 507 1967 ei
527 1929 587 1967 non
600 1909 735 1967 offeratur
750 1909 781 1966 in
797 1909 878 1967 altari
897 1926 949 1985 per
968 1929 1000 1965 se
1020 1909 1144 1983 alioquin
1165 1918 1328 1968 consecrato
1349 1915 1381 1966 et

277 1995 417 2053 dedicato.
460 1995 591 2052 dicuntur
605 1996 778 2068 antinomia,
804 1993 871 2068 quia
889 1999 957 2050 sunt
971 1993 1033 2051 loco
1052 2013 1166 2051 mensae
1178 2014 1230 2052 seu
1238 2013 1379 2052 araeeon-

278 2085 404 2138 secratae
420 2079 536 2156 eiusque
556 2079 644 2138 vicem
663 2078 801 2150 eubeuut;
823 2079 953 2152 fiuntque
973 2098 1007 2136 ex
1027 2080 1225 2156 pannodivisn
1236 2086 1266 2139 et
1279 2080 1309 2136 in
1323 2081 1381 2136 fru-

279 2172 325 2222 sta
339 2165 478 2241 dissecto,
499 2184 534 2223 ex
548 2164 612 2241 illo,
629 2165 761 2238 inquam,
779 2182 874 2240 panno
889 2163 937 2238 qui
952 2163 1041 2221 altare
1057 2164 1092 2220 ab
1110 2165 1243 2242 episcopo
1257 2166 1294 2222 de
1307 2183 1384 2221 nova

278 2256 472 2307 consecratum
491 2251 629 2309 vestiebat
650 2254 681 2306 et
700 2248 832 2306 ornabat:
859 2249 913 2307 hoo
929 2249 1002 2306 enim
1018 2249 1221 2325 operimentum
1240 2250 1269 2306 in
1288 2254 1383 2326 partes

280 2336 403 2393 minutas
417 2336 569 2393 dissectum
582 2333 767 2393 distribuebat
780 2335 928 2412 episcopus
941 2333 1144 2410 sacerdotibus,
1156 2339 1190 2392 ut
1203 2338 1303 2411 postea
1317 2352 1381 2410 par-

281 2420 353 2477 tium
368 2421 485 2478 istarum
501 2420 634 2478 beneficio
651 2419 813 2479 sacrificium
837 2419 867 2478 in
892 2419 1027 2478 altaribus
1053 2420 1138 2478 etiam
1152 2438 1210 2478 non
1235 2437 1382 2479 eonsecra-

283 2505 320 2562 tia
336 2505 437 2563 offerre
452 2510 578 2583 possent

353 2619 409 2738 pltd
419 2635 447 2700 y.
461 2619 502 2672 18.
519 2619 682 2740 Atptimelrpslpe,
694 2617 768 2702 quasi
778 2634 881 2672 mentae
890 2634 983 2738 ,⁹⁰⁶“l'5
992 2617 1383 2739 oieepepptrpptmeuutliraeoo-

285 2700 339 2872 {32¹3
351 2698 611 2808 :rettudit
628 2704 954 2824 malatestae
964 2704 1113 2807 eliaam
1125 2705 1384 2810 refflttult

304 2821 414 2875 edicata.
448 2822 576 2877 uteorum
586 2841 648 2877 usna
658 2829 700 2878 eat
709 2824 734 2876 in
746 2825 934 2891 commuuione,
957 2823 1002 2893 qui
1012 2823 1089 2876 huius
1101 2841 1187 2879 curam
1202 2826 1320 2896 suscipit,
1333 2825 1385 2878 illia

286 2889 392 2957 praefici
409 2891 544 2947 asseritur.

373 2996 511 3065 Quocirca
536 2997 646 3072 quaerit
669 2996 715 3054 ille
737 2997 768 3054 in
796 2994 861 3054 Iure
885 2995 1153 3078 Graeco-Romano,
1194 2999 1261 3079 quaid
1273 2999 1385 3079 sacten*

286 3077 499 3164 denuntiarint
518 3084 693 3152 antimena'a,
725 3099 786 3140 cum
810 3085 866 3139 eine
886 3083 927 3140 bic
955 3085 1083 3143 celebrare
1109 3105 1163 3144 non
1192 3085 1293 3154 liceat?
1341 3104 1386 3144 re·

285 3185 422 3243 sponsum
453 3167 497 3225 hie
530 3166 623 3225 verbis
650 3167 747 3226 datur:
788 3169 946 3228 antioona
974 3173 1004 3227 in
1032 3170 1150 3230 montbar
1174 3173 1276 3230 cuncte
1291 3173 1386 3229 meum

287 3250 356 3328 (hoc
375 3257 420 3310 aet
440 3249 588 3330 altaribus)
603 3255 671 3330 poni
687 3272 788 3311 necesse
806 3273 856 3311 mn
877 3260 931 3330 ert,
962 3255 1009 3312 red
1030 3257 1115 3313 inite
1135 3255 1282 3334 dequibus
1299 3258 1386 3314 buer-

288 3341 345 3395 tnm
366 3355 428 3396 nmn
447 3343 612 3397 emnematue
630 3339 684 3395 sint
703 3357 792 3396 necne.
832 3359 896 3398 naon
915 3342 1073 3398 onumeusie
1093 3339 1178 3398 locum
1194 3342 1312 3399 obtinent
1325 3361 1387 3398 cua-

288 3428 452 3483 eeeretarum
478 3441 648 3495 nemaeum,
682 3441 729 3480 nec
752 3426 789 3481 iia
814 3443 878 3501 opus
897 3430 936 3482 eet
956 3425 1005 3482 ubr'
1027 3442 1129 3482 merum
1149 3431 1314 3484 cnueerutns
1334 3445 1387 3484 esec

288 3511 400 3565 coenat.
443 3526 478 3565 ex
498 3508 599 3583 quibus
618 3507 726 3582 liquido
746 3513 917 3585 patetquae
935 3506 1185 3580 simonianae,
1205 3511 1270 3586 quis
1290 3529 1386 3571 eonem

285 3605 373 3665 usus,
399 3609 500 3668 nempe
519 3593 594 3651 idem
614 3612 728 3669 prorsus
749 3594 798 3667 qui
819 3596 896 3672 apud
921 3612 973 3651 nos
993 3593 1123 3653 ultorium
1147 3596 1318 3670 portatilianr
1335 3615 1387 3652 eeu

287 3669 426 3748 lapidum,
451 3681 484 3732 ut
500 3695 646 3753 voramus,
670 3685 892 3753 consecratorum,
914 3696 1034 3753 quorum
1049 3679 1183 3738 beneficio
1202 3684 1301 3758 puteat
1324 3681 1388 3756 quis

289 3756 375 3842 etiam
393 3757 423 3814 in
444 3777 502 3818 nou
521 3766 684 3819 consecrato
704 3759 786 3820 altari
802 3763 949 3823 celebrare.
992 3765 1070 3837 quod
1087 3783 1157 3842 ergo
1175 3783 1388 3844 nosposemnns

289 3839 344 3899 hoc
362 3841 474 3920 medio,
499 3843 528 3902 id
548 3843 648 3903 Graeci
667 3845 788 3920 quibant
809 3868 860 3925 per
883 3852 1056 3920 untimcnn'a,
1081 3848 1135 3908 boc
1152 3856 1197 3909 est
1214 3870 1266 3928 per
1293 3855 1388 3928 partes

289 3928 446 4004 tegumenti
460 3927 532 3986 illius
554 3931 632 4007 quod
651 3949 755 3990 nouum
775 3932 880 4012 altare,
911 3924 1026 4008 quando
1047 3934 1183 4014 templum
1207 3935 1390 3995 consectaba-

289 4015 355 4088 tur,
374 4020 531 4091 operuerat.
1111 4020 1115 4032 ’
1172 4038 1175 4044 ·

181 4111 203 4166 P
222 4114 272 4169 170
372 4112 451 4174 luter
466 4121 572 4176 ceteras
590 4119 768 4193 quaestiones
793 4119 892 4184 banni
913 4120 1004 4180 Citrio
1025 4121 1187 4200 propositae
1211 4120 1281 4180 haec
1306 4120 1390 4178 etiam

211 4221 214 4230 ·
290 4217 347 4258 nna
364 4206 443 4278 erat,
466 4219 503 4260 an
520 4205 677 4264 antr'nenn'a
692 4208 773 4264 etiam
785 4207 1391 4284 oalcnntinule'e’eproeinetteetdteeeeotbua

290 4286 419 4347 nneolum
433 4288 590 4350 indicaui
600 4293 884 4371 epiecopinnttnennu
906 4292 959 4354 elle
978 4296 1154 4354 conroerunte’e
1172 4298 1200 4352 et
1220 4293 1390 4372 cmfioieulie.
