<?xml version="1.0" encoding="UTF-8"?>
<!DOCTYPE html PUBLIC "-//W3C//DTD XHTML 1.0 Transitional//EN"
    "http://www.w3.org/TR/xhtml1/DTD/xhtml1-transitional.dtd">
<html xmlns="http://www.w3.org/1999/xhtml" xml:lang="en" lang="en">
 <head>
  <title>
</title>
<meta http-equiv="Content-Type" content="text/html;charset=utf-8" />
  <meta name='ocr-system' content='tesseract 3.04.00' />
  <meta name='ocr-capabilities' content='ocr_page ocr_carea ocr_par ocr_line ocrx_word'/>
</head>
<body>
  <div class='ocr_page' id='page_1' title='image "./corpusscriptoru23theogoog/corpusscriptoru23theogoog_0322.png"; bbox 0 0 3075 4867; ppageno 0'>
   <div class='ocr_carea' id='block_1_1' title="bbox 273 248 1210 326">
    <p class='ocr_par' dir='ltr' id='par_1_1' title="bbox 273 248 1210 326">
     <span class='ocr_line' id='line_1_1' title="bbox 273 248 1210 326; baseline -0.004 0"><span class='ocrx_word' id='word_1_1' title='bbox 273 248 349 326; x_wconf 79' lang='lat'><strong>³04</strong></span> <span class='ocrx_word' id='word_1_2' title='bbox 432 249 645 324; x_wconf 71' lang='lat' dir='ltr'><strong>naussum</strong></span> <span class='ocrx_word' id='word_1_3' title='bbox 656 251 712 320; x_wconf 83' lang='lat' dir='ltr'><strong>ET</strong></span> <span class='ocrx_word' id='word_1_4' title='bbox 726 249 1210 322; x_wconf 72' lang='lat' dir='ltr'><strong>oosalcotnsaussaws</strong></span> 
     </span>
    </p>
   </div>
   <div class='ocr_carea' id='block_1_2' title="bbox 163 413 1498 4339">
    <p class='ocr_par' dir='ltr' id='par_1_2' title="bbox 163 413 1498 4339">
     <span class='ocr_line' id='line_1_2' title="bbox 357 413 1444 496; baseline 0.001 -18"><span class='ocrx_word' id='word_1_5' title='bbox 357 413 499 478; x_wconf 79' lang='lat' dir='ltr'><strong>Morcsius</strong></span> <span class='ocrx_word' id='word_1_6' title='bbox 516 415 611 478; x_wconf 85' lang='lat' dir='ltr'><strong>adhuc</strong></span> <span class='ocrx_word' id='word_1_7' title='bbox 632 416 863 496; x_wconf 83' lang='lat' dir='ltr'><strong>grammatieatur</strong></span> <span class='ocrx_word' id='word_1_8' title='bbox 884 416 962 476; x_wconf 87' lang='lat' dir='ltr'><strong>idem</strong></span> <span class='ocrx_word' id='word_1_9' title='bbox 986 415 1182 478; x_wconf 79' lang='lat' dir='ltr'><strong>Cosauboaas</strong></span> <span class='ocrx_word' id='word_1_10' title='bbox 1200 415 1240 478; x_wconf 88' lang='lat' dir='ltr'><strong>de</strong></span> <span class='ocrx_word' id='word_1_11' title='bbox 1260 417 1387 478; x_wconf 86' lang='lat' dir='ltr'><strong>nomine</strong></span> <span class='ocrx_word' id='word_1_12' title='bbox 1440 420 1444 430; x_wconf 91' lang='grc'><strong>“</strong></span> 
     </span>
     <span class='ocr_line' id='line_1_3' title="bbox 163 498 1385 586; baseline 0.005 -28"><span class='ocrx_word' id='word_1_13' title='bbox 163 498 338 570; x_wconf 75' lang='lat' dir='ltr'><strong>1²,satfesti</strong></span> <span class='ocrx_word' id='word_1_14' title='bbox 355 503 476 564; x_wconf 78' lang='lat' dir='ltr'><strong>Exarsit</strong></span> <span class='ocrx_word' id='word_1_15' title='bbox 492 521 518 564; x_wconf 90' lang='lat' dir='ltr'><strong>c.</strong></span> <span class='ocrx_word' id='word_1_16' title='bbox 537 501 585 566; x_wconf 82' lang='lat'><strong>16.</strong></span> <span class='ocrx_word' id='word_1_17' title='bbox 627 503 810 583; x_wconf 87' lang='lat' dir='ltr'><strong>epiphaniam</strong></span> <span class='ocrx_word' id='word_1_18' title='bbox 829 503 904 562; x_wconf 91' lang='lat' dir='ltr'><strong>enim</strong></span> <span class='ocrx_word' id='word_1_19' title='bbox 918 502 1288 586; x_wconf 82' lang='lat' dir='ltr'><strong>sentheophaniampotius</strong></span> <span class='ocrx_word' id='word_1_20' title='bbox 1298 523 1385 564; x_wconf 86' lang='lat' dir='ltr'><strong>eom-</strong></span> 
     </span>
     <span class='ocr_line' id='line_1_4' title="bbox 271 583 1385 672; baseline 0.001 -23"><span class='ocrx_word' id='word_1_21' title='bbox 271 596 369 672; x_wconf 80' lang='lat' dir='ltr'>petere</span> <span class='ocrx_word' id='word_1_22' title='bbox 389 588 531 648; x_wconf 79' lang='lat' dir='ltr'><strong>nativitati</strong></span> <span class='ocrx_word' id='word_1_23' title='bbox 554 589 678 648; x_wconf 79' lang='lat' dir='ltr'><strong>Christi:</strong></span> <span class='ocrx_word' id='word_1_24' title='bbox 704 593 774 648; x_wconf 90' lang='lat' dir='ltr'><strong>tunc</strong></span> <span class='ocrx_word' id='word_1_25' title='bbox 794 589 870 648; x_wconf 88' lang='lat' dir='ltr'><strong>enim</strong></span> <span class='ocrx_word' id='word_1_26' title='bbox 890 589 976 648; x_wconf 85' lang='lat' dir='ltr'><strong>etiam</strong></span> <span class='ocrx_word' id='word_1_27' title='bbox 992 583 1110 668; x_wconf 71' lang='lat' dir='ltr'><strong>loaisa,</strong></span> <span class='ocrx_word' id='word_1_28' title='bbox 1138 591 1288 670; x_wconf 89' lang='lat' dir='ltr'><strong>apparuit,</strong></span> <span class='ocrx_word' id='word_1_29' title='bbox 1312 609 1385 650; x_wconf 88' lang='lat' dir='ltr'><strong>ma·</strong></span> 
     </span>
     <span class='ocr_line' id='line_1_5' title="bbox 271 672 1385 754; baseline 0 -20"><span class='ocrx_word' id='word_1_30' title='bbox 271 677 344 736; x_wconf 83' lang='lat' dir='ltr'><strong>xime</strong></span> <span class='ocrx_word' id='word_1_31' title='bbox 358 674 519 754; x_wconf 78' lang='lat' dir='ltr'><strong>pastoribus</strong></span> <span class='ocrx_word' id='word_1_32' title='bbox 540 679 593 734; x_wconf 88' lang='lat' dir='ltr'><strong>etc.</strong></span> <span class='ocrx_word' id='word_1_33' title='bbox 635 673 918 745; x_wconf 74' lang='lat' dir='ltr'><strong>veteres61aauarii</strong></span> <span class='ocrx_word' id='word_1_34' title='bbox 935 672 1092 733; x_wconf 76' lang='lat' dir='ltr'><strong>celebrasse</strong></span> <span class='ocrx_word' id='word_1_35' title='bbox 1111 675 1236 734; x_wconf 86' lang='lat' dir='ltr'><strong>natalem</strong></span> <span class='ocrx_word' id='word_1_36' title='bbox 1256 676 1385 753; x_wconf 90' lang='lat' dir='ltr'><strong>domini,</strong></span> 
     </span>
     <span class='ocr_line' id='line_1_6' title="bbox 272 757 1383 840; baseline -0.001 -20"><span class='ocrx_word' id='word_1_37' title='bbox 272 767 303 820; x_wconf 87' lang='lat' dir='ltr'><strong>et</strong></span> <span class='ocrx_word' id='word_1_38' title='bbox 315 761 380 819; x_wconf 90' lang='lat' dir='ltr'><strong>ideo</strong></span> <span class='ocrx_word' id='word_1_39' title='bbox 396 761 470 818; x_wconf 91' lang='lat' dir='ltr'><strong>diem</strong></span> <span class='ocrx_word' id='word_1_40' title='bbox 484 757 562 816; x_wconf 91' lang='lat' dir='ltr'><strong>illum</strong></span> <span class='ocrx_word' id='word_1_41' title='bbox 576 757 614 818; x_wconf 94' lang='lat' dir='ltr'><strong>ob</strong></span> <span class='ocrx_word' id='word_1_42' title='bbox 636 765 735 818; x_wconf 88' lang='lat' dir='ltr'><strong>natum</strong></span> <span class='ocrx_word' id='word_1_43' title='bbox 761 758 866 818; x_wconf 88' lang='lat' dir='ltr'><strong>scilicet</strong></span> <span class='ocrx_word' id='word_1_44' title='bbox 893 757 1040 818; x_wconf 83' lang='lat' dir='ltr'><strong>Christum</strong></span> <span class='ocrx_word' id='word_1_45' title='bbox 1065 759 1172 818; x_wconf 84' lang='lat' dir='ltr'><strong>dictum</strong></span> <span class='ocrx_word' id='word_1_46' title='bbox 1194 759 1383 840; x_wconf 80' lang='lat' dir='ltr'><strong>epiphaniam</strong></span> 
     </span>
     <span class='ocr_line' id='line_1_7' title="bbox 268 843 1384 924; baseline -0.002 -18"><span class='ocrx_word' id='word_1_47' title='bbox 268 865 321 906; x_wconf 90' lang='lat' dir='ltr'><strong>seu</strong></span> <span class='ocrx_word' id='word_1_48' title='bbox 338 843 545 924; x_wconf 83' lang='lat' dir='ltr'><strong>theophaniam.</strong></span> <span class='ocrx_word' id='word_1_49' title='bbox 588 849 618 902; x_wconf 92' lang='lat' dir='ltr'><strong>et</strong></span> <span class='ocrx_word' id='word_1_50' title='bbox 632 845 727 904; x_wconf 84' lang='lat' dir='ltr'><strong>adfert</strong></span> <span class='ocrx_word' id='word_1_51' title='bbox 745 843 856 920; x_wconf 89' lang='lat' dir='ltr'><strong>aliquot</strong></span> <span class='ocrx_word' id='word_1_52' title='bbox 868 843 1046 923; x_wconf 89' lang='lat' dir='ltr'><strong>testimonia,</strong></span> <span class='ocrx_word' id='word_1_53' title='bbox 1066 861 1188 921; x_wconf 88' lang='lat' dir='ltr'><strong>quorum</strong></span> <span class='ocrx_word' id='word_1_54' title='bbox 1203 843 1311 904; x_wconf 87' lang='lat' dir='ltr'><strong>nullum</strong></span> <span class='ocrx_word' id='word_1_55' title='bbox 1329 851 1384 904; x_wconf 86' lang='lat' dir='ltr'><strong>e‘st</strong></span> 
     </span>
     <span class='ocr_line' id='line_1_8' title="bbox 270 929 1384 1009; baseline -0.001 -18"><span class='ocrx_word' id='word_1_56' title='bbox 270 933 310 992; x_wconf 91' lang='lat' dir='ltr'><strong>ad</strong></span> <span class='ocrx_word' id='word_1_57' title='bbox 333 949 402 990; x_wconf 87' lang='lat' dir='ltr'><strong>rem.</strong></span> <span class='ocrx_word' id='word_1_58' title='bbox 452 948 534 989; x_wconf 89' lang='lat' dir='ltr'><strong>nemo</strong></span> <span class='ocrx_word' id='word_1_59' title='bbox 556 935 646 1006; x_wconf 82' lang='lat' dir='ltr'><strong>negat</strong></span> <span class='ocrx_word' id='word_1_60' title='bbox 668 929 858 1009; x_wconf 88' lang='lat' dir='ltr'><strong>theophaniae</strong></span> <span class='ocrx_word' id='word_1_61' title='bbox 878 947 931 987; x_wconf 91' lang='lat' dir='ltr'><strong>seu</strong></span> <span class='ocrx_word' id='word_1_62' title='bbox 955 929 1126 1009; x_wconf 83' lang='lat' dir='ltr'><strong>epiphaniae</strong></span> <span class='ocrx_word' id='word_1_63' title='bbox 1155 930 1384 1009; x_wconf 85' lang='lat' dir='ltr'><strong>appellah&#39;onem</strong></span> 
     </span>
     <span class='ocr_line' id='line_1_9' title="bbox 270 1013 1384 1095; baseline -0.001 -20"><span class='ocrx_word' id='word_1_64' title='bbox 270 1016 356 1075; x_wconf 88' lang='lat' dir='ltr'><strong>etiarn</strong></span> <span class='ocrx_word' id='word_1_65' title='bbox 378 1013 519 1074; x_wconf 80' lang='lat' dir='ltr'><strong>nativitati</strong></span> <span class='ocrx_word' id='word_1_66' title='bbox 540 1015 627 1076; x_wconf 87' lang='lat' dir='ltr'><strong>tribui</strong></span> <span class='ocrx_word' id='word_1_67' title='bbox 648 1033 750 1095; x_wconf 88' lang='lat' dir='ltr'><strong>posse:</strong></span> <span class='ocrx_word' id='word_1_68' title='bbox 772 1020 842 1074; x_wconf 88' lang='lat' dir='ltr'><strong>tuuc</strong></span> <span class='ocrx_word' id='word_1_69' title='bbox 856 1014 931 1072; x_wconf 88' lang='lat' dir='ltr'><strong>enim</strong></span> <span class='ocrx_word' id='word_1_70' title='bbox 947 1015 1081 1094; x_wconf 88' lang='lat' dir='ltr'><strong>apparuit</strong></span> <span class='ocrx_word' id='word_1_71' title='bbox 1093 1016 1223 1073; x_wconf 88' lang='lat' dir='ltr'><strong>dominas</strong></span> <span class='ocrx_word' id='word_1_72' title='bbox 1236 1016 1310 1073; x_wconf 87' lang='lat' dir='ltr'><strong>inter</strong></span> <span class='ocrx_word' id='word_1_73' title='bbox 1322 1014 1384 1074; x_wconf 89' lang='lat' dir='ltr'><strong>ho-</strong></span> 
     </span>
     <span class='ocr_line' id='line_1_10' title="bbox 270 1098 1384 1178; baseline -0.002 -16"><span class='ocrx_word' id='word_1_74' title='bbox 270 1102 361 1162; x_wconf 86' lang='lat' dir='ltr'><strong>mines</strong></span> <span class='ocrx_word' id='word_1_75' title='bbox 377 1106 408 1160; x_wconf 91' lang='lat' dir='ltr'><strong>et</strong></span> <span class='ocrx_word' id='word_1_76' title='bbox 421 1106 551 1178; x_wconf 86' lang='lat' dir='ltr'><strong>pastores</strong></span> <span class='ocrx_word' id='word_1_77' title='bbox 565 1102 647 1160; x_wconf 85' lang='lat' dir='ltr'><strong>adse</strong></span> <span class='ocrx_word' id='word_1_78' title='bbox 665 1099 753 1160; x_wconf 84' lang='lat' dir='ltr'><strong>traxit</strong></span> <span class='ocrx_word' id='word_1_79' title='bbox 769 1105 823 1167; x_wconf 81' lang='lat' dir='ltr'><strong>etc.</strong></span> <span class='ocrx_word' id='word_1_80' title='bbox 854 1104 885 1158; x_wconf 91' lang='lat' dir='ltr'><strong>et</strong></span> <span class='ocrx_word' id='word_1_81' title='bbox 904 1098 1045 1159; x_wconf 81' lang='lat' dir='ltr'><strong>inmissa</strong></span> <span class='ocrx_word' id='word_1_82' title='bbox 1065 1099 1149 1158; x_wconf 90' lang='lat' dir='ltr'><strong>huius</strong></span> <span class='ocrx_word' id='word_1_83' title='bbox 1170 1101 1239 1160; x_wconf 78' lang='lat' dir='ltr'><strong>tosti</strong></span> <span class='ocrx_word' id='word_1_84' title='bbox 1256 1100 1384 1178; x_wconf 78' lang='lat' dir='ltr'><strong>legitur:</strong></span> 
     </span>
     <span class='ocr_line' id='line_1_11' title="bbox 272 1184 1384 1264; baseline -0.002 -18"><span class='ocrx_word' id='word_1_85' title='bbox 272 1189 399 1264; x_wconf 75' lang='lat' dir='ltr'><strong>opposuit</strong></span> <span class='ocrx_word' id='word_1_86' title='bbox 410 1190 504 1262; x_wconf 58' lang='lat' dir='ltr'><strong>motio</strong></span> <span class='ocrx_word' id='word_1_87' title='bbox 514 1187 657 1246; x_wconf 82' lang='lat' dir='ltr'><strong>salvatoris</strong></span> <span class='ocrx_word' id='word_1_88' title='bbox 673 1187 759 1245; x_wconf 81' lang='lat' dir='ltr'><strong>nostri</strong></span> <span class='ocrx_word' id='word_1_89' title='bbox 774 1191 828 1244; x_wconf 84' lang='lat' dir='ltr'><strong>ete.</strong></span> <span class='ocrx_word' id='word_1_90' title='bbox 868 1185 921 1242; x_wconf 88' lang='lat' dir='ltr'><strong>scd</strong></span> <span class='ocrx_word' id='word_1_91' title='bbox 937 1185 1091 1243; x_wconf 82' lang='lat' dir='ltr'><strong>videndum</strong></span> <span class='ocrx_word' id='word_1_92' title='bbox 1102 1184 1148 1244; x_wconf 91' lang='lat' dir='ltr'><strong>hic</strong></span> <span class='ocrx_word' id='word_1_93' title='bbox 1162 1185 1233 1260; x_wconf 90' lang='lat' dir='ltr'><strong>quid</strong></span> <span class='ocrx_word' id='word_1_94' title='bbox 1244 1205 1312 1244; x_wconf 88' lang='lat' dir='ltr'><strong>usus</strong></span> <span class='ocrx_word' id='word_1_95' title='bbox 1329 1203 1384 1244; x_wconf 87' lang='lat' dir='ltr'><strong>ec-</strong></span> 
     </span>
     <span class='ocr_line' id='line_1_12' title="bbox 273 1268 1384 1347; baseline -0.001 -17"><span class='ocrx_word' id='word_1_96' title='bbox 273 1269 444 1330; x_wconf 89' lang='lat' dir='ltr'><strong>clesiasticus</strong></span> <span class='ocrx_word' id='word_1_97' title='bbox 461 1272 551 1343; x_wconf 80' lang='lat' dir='ltr'><strong>ferat3</strong></span> <span class='ocrx_word' id='word_1_98' title='bbox 574 1272 623 1347; x_wconf 91' lang='lat' dir='ltr'><strong>qui</strong></span> <span class='ocrx_word' id='word_1_99' title='bbox 639 1277 685 1330; x_wconf 88' lang='lat' dir='ltr'><strong>est</strong></span> <span class='ocrx_word' id='word_1_100' title='bbox 697 1275 727 1328; x_wconf 88' lang='lat' dir='ltr'><strong>et</strong></span> <span class='ocrx_word' id='word_1_101' title='bbox 739 1271 794 1329; x_wconf 91' lang='lat' dir='ltr'><strong>suit</strong></span> <span class='ocrx_word' id='word_1_102' title='bbox 812 1274 846 1328; x_wconf 90' lang='lat' dir='ltr'><strong>ut</strong></span> <span class='ocrx_word' id='word_1_103' title='bbox 857 1268 987 1328; x_wconf 85' lang='lat' dir='ltr'><strong>absolute</strong></span> <span class='ocrx_word' id='word_1_104' title='bbox 998 1269 1143 1346; x_wconf 83' lang='lat' dir='ltr'><strong>loquendo</strong></span> <span class='ocrx_word' id='word_1_105' title='bbox 1163 1269 1384 1336; x_wconf 85' lang='lat' dir='ltr'><strong>dies61anua-</strong></span> 
     </span>
     <span class='ocr_line' id='line_1_13' title="bbox 272 1355 1382 1435; baseline -0.002 -19"><span class='ocrx_word' id='word_1_106' title='bbox 272 1357 307 1415; x_wconf 85' lang='lat' dir='ltr'><strong>rii</strong></span> <span class='ocrx_word' id='word_1_107' title='bbox 324 1357 463 1416; x_wconf 87' lang='lat' dir='ltr'><strong>diceretur</strong></span> <span class='ocrx_word' id='word_1_108' title='bbox 473 1356 639 1434; x_wconf 86' lang='lat' dir='ltr'><strong>epiphania,</strong></span> <span class='ocrx_word' id='word_1_109' title='bbox 659 1357 746 1431; x_wconf 90' lang='lat' dir='ltr'><strong>idque</strong></span> <span class='ocrx_word' id='word_1_110' title='bbox 761 1361 879 1435; x_wconf 89' lang='lat' dir='ltr'><strong>propter</strong></span> <span class='ocrx_word' id='word_1_111' title='bbox 895 1361 956 1415; x_wconf 87' lang='lat' dir='ltr'><strong>tres</strong></span> <span class='ocrx_word' id='word_1_112' title='bbox 971 1375 1073 1414; x_wconf 83' lang='lat' dir='ltr'><strong>causas</strong></span> <span class='ocrx_word' id='word_1_113' title='bbox 1091 1355 1172 1413; x_wconf 88' lang='lat' dir='ltr'><strong>initio</strong></span> <span class='ocrx_word' id='word_1_114' title='bbox 1192 1357 1303 1433; x_wconf 88' lang='lat' dir='ltr'><strong>dietas,</strong></span> <span class='ocrx_word' id='word_1_115' title='bbox 1322 1356 1382 1416; x_wconf 85' lang='lat' dir='ltr'><strong>etsi</strong></span> 
     </span>
     <span class='ocr_line' id='line_1_14' title="bbox 276 1439 1383 1520; baseline 0 -20"><span class='ocrx_word' id='word_1_116' title='bbox 276 1441 323 1500; x_wconf 86' lang='lat' dir='ltr'><strong>alii</strong></span> <span class='ocrx_word' id='word_1_117' title='bbox 334 1442 404 1501; x_wconf 90' lang='lat' dir='ltr'><strong>alias</strong></span> <span class='ocrx_word' id='word_1_118' title='bbox 422 1459 522 1498; x_wconf 84' lang='lat' dir='ltr'><strong>causas</strong></span> <span class='ocrx_word' id='word_1_119' title='bbox 535 1441 628 1518; x_wconf 85' lang='lat' dir='ltr'><strong>magis</strong></span> <span class='ocrx_word' id='word_1_120' title='bbox 646 1443 844 1500; x_wconf 82' lang='lat' dir='ltr'><strong>attendebant</strong></span> <span class='ocrx_word' id='word_1_121' title='bbox 884 1447 915 1500; x_wconf 91' lang='lat' dir='ltr'><strong>et</strong></span> <span class='ocrx_word' id='word_1_122' title='bbox 932 1441 1016 1520; x_wconf 89' lang='lat' dir='ltr'><strong>pauci</strong></span> <span class='ocrx_word' id='word_1_123' title='bbox 1031 1445 1113 1500; x_wconf 67' lang='lat' dir='ltr'><strong>aaut</strong></span> <span class='ocrx_word' id='word_1_124' title='bbox 1128 1441 1177 1516; x_wconf 89' lang='lat' dir='ltr'><strong>qui</strong></span> <span class='ocrx_word' id='word_1_125' title='bbox 1190 1439 1316 1500; x_wconf 86' lang='lat' dir='ltr'><strong>natalem</strong></span> <span class='ocrx_word' id='word_1_126' title='bbox 1325 1443 1383 1500; x_wconf 89' lang='lat' dir='ltr'><strong>do·</strong></span> 
     </span>
     <span class='ocr_line' id='line_1_15' title="bbox 275 1524 1385 1604; baseline 0.001 -18"><span class='ocrx_word' id='word_1_127' title='bbox 275 1527 344 1586; x_wconf 85' lang='lat' dir='ltr'><strong>mini</strong></span> <span class='ocrx_word' id='word_1_128' title='bbox 363 1526 536 1586; x_wconf 78' lang='lat' dir='ltr'><strong>celebrarent</strong></span> <span class='ocrx_word' id='word_1_129' title='bbox 553 1527 601 1584; x_wconf 90' lang='lat' dir='ltr'><strong>die</strong></span> <span class='ocrx_word' id='word_1_130' title='bbox 621 1529 641 1591; x_wconf 88' lang='lat'><strong>6</strong></span> <span class='ocrx_word' id='word_1_131' title='bbox 661 1525 800 1600; x_wconf 80' lang='lat' dir='ltr'><strong>Ianuarii3</strong></span> <span class='ocrx_word' id='word_1_132' title='bbox 821 1530 852 1583; x_wconf 90' lang='lat' dir='ltr'><strong>et</strong></span> <span class='ocrx_word' id='word_1_133' title='bbox 871 1527 932 1584; x_wconf 78' lang='lat' dir='ltr'><strong>tere</strong></span> <span class='ocrx_word' id='word_1_134' title='bbox 949 1526 1025 1584; x_wconf 87' lang='lat' dir='ltr'><strong>iutra</strong></span> <span class='ocrx_word' id='word_1_135' title='bbox 1039 1524 1204 1604; x_wconf 80' lang='lat' dir='ltr'><strong>Aegyptam</strong></span> <span class='ocrx_word' id='word_1_136' title='bbox 1219 1527 1291 1587; x_wconf 87' lang='lat' dir='ltr'><strong>haec</strong></span> <span class='ocrx_word' id='word_1_137' title='bbox 1310 1545 1385 1586; x_wconf 87' lang='lat' dir='ltr'><strong>coa-</strong></span> 
     </span>
     <span class='ocr_line' id='line_1_16' title="bbox 276 1610 1383 1692; baseline -0.001 -22"><span class='ocrx_word' id='word_1_138' title='bbox 276 1612 399 1670; x_wconf 90' lang='lat' dir='ltr'><strong>suetudo</strong></span> <span class='ocrx_word' id='word_1_139' title='bbox 415 1610 658 1688; x_wconf 79' lang='lat' dir='ltr'><strong>conscribebatur,</strong></span> <span class='ocrx_word' id='word_1_140' title='bbox 679 1616 712 1668; x_wconf 90' lang='lat' dir='ltr'><strong>ut</strong></span> <span class='ocrx_word' id='word_1_141' title='bbox 729 1616 775 1670; x_wconf 86' lang='lat' dir='ltr'><strong>est</strong></span> <span class='ocrx_word' id='word_1_142' title='bbox 790 1611 870 1690; x_wconf 84' lang='lat' dir='ltr'><strong>apud</strong></span> <span class='ocrx_word' id='word_1_143' title='bbox 883 1610 1053 1669; x_wconf 87' lang='lat' dir='ltr'><strong>Cassianam</strong></span> <span class='ocrx_word' id='word_1_144' title='bbox 1065 1611 1169 1670; x_wconf 87' lang='lat' dir='ltr'><strong>Collat.</strong></span> <span class='ocrx_word' id='word_1_145' title='bbox 1183 1611 1224 1673; x_wconf 91' lang='lat'><strong>10</strong></span> <span class='ocrx_word' id='word_1_146' title='bbox 1240 1614 1270 1674; x_wconf 72' lang='lat'>2</span> <span class='ocrx_word' id='word_1_147' title='bbox 1310 1631 1383 1692; x_wconf 89' lang='lat' dir='ltr'><strong>pro-</strong></span> 
     </span>
     <span class='ocr_line' id='line_1_17' title="bbox 276 1694 1382 1774; baseline -0.001 -18"><span class='ocrx_word' id='word_1_148' title='bbox 276 1697 334 1757; x_wconf 83' lang='lat' dir='ltr'><strong>fert</strong></span> <span class='ocrx_word' id='word_1_149' title='bbox 354 1694 539 1754; x_wconf 80' lang='lat' dir='ltr'><strong>casaubonus</strong></span> <span class='ocrx_word' id='word_1_150' title='bbox 560 1695 653 1756; x_wconf 90' lang='lat' dir='ltr'><strong>locum</strong></span> <span class='ocrx_word' id='word_1_151' title='bbox 672 1713 707 1754; x_wconf 86' lang='lat' dir='ltr'><strong>ex</strong></span> <span class='ocrx_word' id='word_1_152' title='bbox 726 1695 855 1754; x_wconf 89' lang='lat' dir='ltr'><strong>oratione</strong></span> <span class='ocrx_word' id='word_1_153' title='bbox 873 1695 1069 1774; x_wconf 76' lang='lat' dir='ltr'><strong>chrysostomi</strong></span> <span class='ocrx_word' id='word_1_154' title='bbox 1088 1696 1119 1754; x_wconf 89' lang='lat' dir='ltr'><strong>in</strong></span> <span class='ocrx_word' id='word_1_155' title='bbox 1134 1696 1260 1755; x_wconf 72' lang='lat' dir='ltr'><strong>uamlem</strong></span> <span class='ocrx_word' id='word_1_156' title='bbox 1272 1697 1382 1755; x_wconf 88' lang='lat' dir='ltr'><strong>domini</strong></span> 
     </span>
     <span class='ocr_line' id='line_1_18' title="bbox 277 1780 1383 1860; baseline 0.002 -20"><span class='ocrx_word' id='word_1_157' title='bbox 277 1788 345 1840; x_wconf 87' lang='lat' dir='ltr'><strong>tom.</strong></span> <span class='ocrx_word' id='word_1_158' title='bbox 363 1781 383 1846; x_wconf 85' lang='lat'><strong>5</strong></span> <span class='ocrx_word' id='word_1_159' title='bbox 396 1780 550 1840; x_wconf 85' lang='lat' dir='ltr'><strong>Savilliauo</strong></span> <span class='ocrx_word' id='word_1_160' title='bbox 564 1801 592 1860; x_wconf 89' lang='lat' dir='ltr'><strong>p.</strong></span> <span class='ocrx_word' id='word_1_161' title='bbox 605 1781 684 1859; x_wconf 84' lang='lat'><strong>511,</strong></span> <span class='ocrx_word' id='word_1_162' title='bbox 706 1781 755 1838; x_wconf 90' lang='lat' dir='ltr'><strong>ubi</strong></span> <span class='ocrx_word' id='word_1_163' title='bbox 770 1781 839 1841; x_wconf 85' lang='lat' dir='ltr'><strong>dicit</strong></span> <span class='ocrx_word' id='word_1_164' title='bbox 857 1784 908 1841; x_wconf 64' lang='lat' dir='ltr'><strong>aas</strong></span> <span class='ocrx_word' id='word_1_165' title='bbox 929 1782 1057 1841; x_wconf 72' lang='lat' dir='ltr'><strong>daciam</strong></span> <span class='ocrx_word' id='word_1_166' title='bbox 1066 1799 1163 1855; x_wconf 65' lang='lat' dir='ltr'><strong>meon</strong></span> <span class='ocrx_word' id='word_1_167' title='bbox 1175 1785 1241 1860; x_wconf 76' lang='lat' dir='ltr'><strong>agi,</strong></span> <span class='ocrx_word' id='word_1_168' title='bbox 1261 1801 1321 1842; x_wconf 70' lang='lat' dir='ltr'><strong>cam</strong></span> <span class='ocrx_word' id='word_1_169' title='bbox 1334 1801 1383 1841; x_wconf 76' lang='lat' dir='ltr'><strong>cc·</strong></span> 
     </span>
     <span class='ocr_line' id='line_1_19' title="bbox 279 1865 1382 1948; baseline 0.001 -22"><span class='ocrx_word' id='word_1_170' title='bbox 279 1867 376 1939; x_wconf 79' lang='lat' dir='ltr'><strong>alerio,</strong></span> <span class='ocrx_word' id='word_1_171' title='bbox 396 1869 426 1926; x_wconf 80' lang='lat' dir='ltr'><strong>ia</strong></span> <span class='ocrx_word' id='word_1_172' title='bbox 442 1885 495 1944; x_wconf 79' lang='lat' dir='ltr'><strong>qao</strong></span> <span class='ocrx_word' id='word_1_173' title='bbox 510 1867 579 1926; x_wconf 81' lang='lat' dir='ltr'><strong>boae</strong></span> <span class='ocrx_word' id='word_1_174' title='bbox 594 1870 738 1924; x_wconf 67' lang='lat' dir='ltr'><strong>arabonam</strong></span> <span class='ocrx_word' id='word_1_175' title='bbox 753 1865 842 1942; x_wconf 75' lang='lat' dir='ltr'><strong>asan,</strong></span> <span class='ocrx_word' id='word_1_176' title='bbox 862 1866 966 1946; x_wconf 60' lang='lat' dir='ltr'><strong>sentum</strong></span> <span class='ocrx_word' id='word_1_177' title='bbox 989 1867 1094 1926; x_wconf 79' lang='lat' dir='ltr'><strong>notulis</strong></span> <span class='ocrx_word' id='word_1_178' title='bbox 1118 1867 1248 1926; x_wconf 68' lang='grc' dir='ltr'><strong>ιάὠτατο</strong></span> <span class='ocrx_word' id='word_1_179' title='bbox 1267 1871 1382 1948; x_wconf 67' lang='grc' dir='ltr'><strong>ωφεηῖ</strong></span> 
     </span>
     <span class='ocr_line' id='line_1_20' title="bbox 277 1951 1380 2030; baseline 0.001 -18"><span class='ocrx_word' id='word_1_180' title='bbox 277 1951 397 2030; x_wconf 69' lang='lat' dir='ltr'><strong>elisaque</strong></span> <span class='ocrx_word' id='word_1_181' title='bbox 410 1954 564 2012; x_wconf 71' lang='lat' dir='ltr'><strong>aatbitota&#39;s</strong></span> <span class='ocrx_word' id='word_1_182' title='bbox 576 1955 734 2028; x_wconf 64' lang='lat' dir='ltr'><strong>mpronedt.</strong></span> <span class='ocrx_word' id='word_1_183' title='bbox 776 1952 829 2010; x_wconf 89' lang='lat' dir='ltr'><strong>sed</strong></span> <span class='ocrx_word' id='word_1_184' title='bbox 847 1951 939 2010; x_wconf 89' lang='lat' dir='ltr'><strong>oratio</strong></span> <span class='ocrx_word' id='word_1_185' title='bbox 959 1951 1029 2010; x_wconf 86' lang='lat' dir='ltr'><strong>hacc</strong></span> <span class='ocrx_word' id='word_1_186' title='bbox 1040 1969 1100 2010; x_wconf 90' lang='lat' dir='ltr'><strong>nou</strong></span> <span class='ocrx_word' id='word_1_187' title='bbox 1116 1957 1161 2010; x_wconf 78' lang='lat' dir='ltr'><strong>est</strong></span> <span class='ocrx_word' id='word_1_188' title='bbox 1171 1951 1380 2029; x_wconf 85' lang='lat' dir='ltr'><strong>Chrysostorni.</strong></span> 
     </span>
     <span class='ocr_line' id='line_1_21' title="bbox 278 2035 1381 2118; baseline 0.002 -22"><span class='ocrx_word' id='word_1_189' title='bbox 278 2042 361 2118; x_wconf 87' lang='lat' dir='ltr'><strong>patet</strong></span> <span class='ocrx_word' id='word_1_190' title='bbox 375 2035 407 2116; x_wconf 90' lang='lat' dir='ltr'><strong>l)</strong></span> <span class='ocrx_word' id='word_1_191' title='bbox 422 2053 457 2095; x_wconf 86' lang='lat' dir='ltr'><strong>ex</strong></span> <span class='ocrx_word' id='word_1_192' title='bbox 468 2036 560 2114; x_wconf 88' lang='lat' dir='ltr'><strong>stylo,</strong></span> <span class='ocrx_word' id='word_1_193' title='bbox 578 2039 614 2113; x_wconf 77' lang='lat'><strong>2)</strong></span> <span class='ocrx_word' id='word_1_194' title='bbox 629 2035 697 2112; x_wconf 89' lang='lat' dir='ltr'><strong>quia</strong></span> <span class='ocrx_word' id='word_1_195' title='bbox 711 2035 798 2116; x_wconf 89' lang='lat' dir='ltr'><strong>Cpoli</strong></span> <span class='ocrx_word' id='word_1_196' title='bbox 810 2040 879 2095; x_wconf 85' lang='lat' dir='ltr'><strong>ante</strong></span> <span class='ocrx_word' id='word_1_197' title='bbox 892 2037 924 2094; x_wconf 88' lang='lat' dir='ltr'><strong>S.</strong></span> <span class='ocrx_word' id='word_1_198' title='bbox 938 2035 1173 2114; x_wconf 83' lang='lat' dir='ltr'><strong>Chrysostomum</strong></span> <span class='ocrx_word' id='word_1_199' title='bbox 1186 2039 1293 2099; x_wconf 76' lang='lat' dir='ltr'><strong>festum</strong></span> <span class='ocrx_word' id='word_1_200' title='bbox 1303 2039 1381 2098; x_wconf 85' lang='lat' dir='ltr'><strong>nati-</strong></span> 
     </span>
     <span class='ocr_line' id='line_1_22' title="bbox 277 2118 1384 2201; baseline 0.001 -19"><span class='ocrx_word' id='word_1_201' title='bbox 277 2122 374 2182; x_wconf 83' lang='lat' dir='ltr'><strong>ritatis</strong></span> <span class='ocrx_word' id='word_1_202' title='bbox 388 2121 540 2198; x_wconf 81' lang='lat' dir='ltr'><strong>agebatur,</strong></span> <span class='ocrx_word' id='word_1_203' title='bbox 564 2127 598 2182; x_wconf 91' lang='lat' dir='ltr'><strong>ut</strong></span> <span class='ocrx_word' id='word_1_204' title='bbox 619 2125 703 2201; x_wconf 90' lang='lat' dir='ltr'><strong>patet</strong></span> <span class='ocrx_word' id='word_1_205' title='bbox 718 2139 754 2180; x_wconf 83' lang='lat' dir='ltr'><strong>ex</strong></span> <span class='ocrx_word' id='word_1_206' title='bbox 770 2121 899 2181; x_wconf 89' lang='lat' dir='ltr'><strong>oratioue</strong></span> <span class='ocrx_word' id='word_1_207' title='bbox 917 2118 1092 2180; x_wconf 80' lang='lat' dir='ltr'><strong>Nazianzeai</strong></span> <span class='ocrx_word' id='word_1_208' title='bbox 1107 2123 1137 2180; x_wconf 87' lang='lat' dir='ltr'><strong>iu</strong></span> <span class='ocrx_word' id='word_1_209' title='bbox 1150 2123 1268 2183; x_wconf 68' lang='lat' dir='ltr'><strong>natalem</strong></span> <span class='ocrx_word' id='word_1_210' title='bbox 1280 2123 1384 2182; x_wconf 69' lang='lat' dir='ltr'><strong>dandas·</strong></span> 
     </span>
     <span class='ocr_line' id='line_1_23' title="bbox 277 2202 1383 2288; baseline 0 -22"><span class='ocrx_word' id='word_1_211' title='bbox 277 2214 308 2266; x_wconf 85' lang='lat' dir='ltr'><strong>et</strong></span> <span class='ocrx_word' id='word_1_212' title='bbox 327 2226 362 2268; x_wconf 82' lang='lat' dir='ltr'><strong>ex</strong></span> <span class='ocrx_word' id='word_1_213' title='bbox 383 2205 438 2266; x_wconf 87' lang='lat' dir='ltr'><strong>alia</strong></span> <span class='ocrx_word' id='word_1_214' title='bbox 454 2210 485 2266; x_wconf 82' lang='lat' dir='ltr'><strong>a&#39;a</strong></span> <span class='ocrx_word' id='word_1_215' title='bbox 498 2207 567 2266; x_wconf 73' lang='lat' dir='ltr'><strong>diosa</strong></span> <span class='ocrx_word' id='word_1_216' title='bbox 582 2207 718 2266; x_wconf 71' lang='lat' dir='ltr'><strong>samana</strong></span> <span class='ocrx_word' id='word_1_217' title='bbox 759 2202 797 2288; x_wconf 77' lang='grc' dir='ltr'><strong>Β)</strong></span> <span class='ocrx_word' id='word_1_218' title='bbox 817 2207 885 2284; x_wconf 89' lang='lat' dir='ltr'><strong>quia</strong></span> <span class='ocrx_word' id='word_1_219' title='bbox 904 2206 967 2284; x_wconf 90' lang='lat' dir='ltr'><strong>ipse</strong></span> <span class='ocrx_word' id='word_1_220' title='bbox 979 2212 1078 2266; x_wconf 89' lang='lat' dir='ltr'><strong>auctor</strong></span> <span class='ocrx_word' id='word_1_221' title='bbox 1093 2207 1176 2266; x_wconf 90' lang='lat' dir='ltr'><strong>huius</strong></span> <span class='ocrx_word' id='word_1_222' title='bbox 1188 2207 1319 2268; x_wconf 87' lang='lat' dir='ltr'><strong>homiliae</strong></span> <span class='ocrx_word' id='word_1_223' title='bbox 1336 2209 1383 2266; x_wconf 79' lang='lat' dir='ltr'><strong>di·</strong></span> 
     </span>
     <span class='ocr_line' id='line_1_24' title="bbox 277 2291 1382 2370; baseline 0 -17"><span class='ocrx_word' id='word_1_224' title='bbox 277 2293 317 2353; x_wconf 86' lang='lat' dir='ltr'><strong>cit</strong></span> <span class='ocrx_word' id='word_1_225' title='bbox 338 2292 461 2351; x_wconf 87' lang='lat' dir='ltr'><strong>natalem</strong></span> <span class='ocrx_word' id='word_1_226' title='bbox 479 2291 650 2352; x_wconf 86' lang='lat' dir='ltr'><strong>celebratum</strong></span> <span class='ocrx_word' id='word_1_227' title='bbox 672 2298 704 2350; x_wconf 89' lang='lat' dir='ltr'><strong>et</strong></span> <span class='ocrx_word' id='word_1_228' title='bbox 721 2292 868 2370; x_wconf 81' lang='lat' dir='ltr'><strong>cognitum</strong></span> <span class='ocrx_word' id='word_1_229' title='bbox 888 2291 977 2351; x_wconf 80' lang='lat' dir='ltr'><strong>inisse</strong></span> <span class='ocrx_word' id='word_1_230' title='bbox 997 2292 1154 2352; x_wconf 85' lang='lat' dir='ltr'><strong>aThracin</strong></span> <span class='ocrx_word' id='word_1_231' title='bbox 1169 2312 1260 2370; x_wconf 86' lang='lat' dir='ltr'><strong>usque</strong></span> <span class='ocrx_word' id='word_1_232' title='bbox 1272 2293 1382 2353; x_wconf 84' lang='lat' dir='ltr'><strong>Gades.</strong></span> 
     </span>
     <span class='ocr_line' id='line_1_25' title="bbox 276 2375 1497 2456; baseline 0.001 -19"><span class='ocrx_word' id='word_1_233' title='bbox 276 2384 309 2437; x_wconf 89' lang='lat' dir='ltr'><strong>at</strong></span> <span class='ocrx_word' id='word_1_234' title='bbox 330 2377 429 2456; x_wconf 89' lang='lat' dir='ltr'><strong>Cpolis</strong></span> <span class='ocrx_word' id='word_1_235' title='bbox 454 2383 499 2436; x_wconf 91' lang='lat' dir='ltr'><strong>est</strong></span> <span class='ocrx_word' id='word_1_236' title='bbox 522 2377 553 2436; x_wconf 91' lang='lat' dir='ltr'><strong>iu</strong></span> <span class='ocrx_word' id='word_1_237' title='bbox 578 2376 709 2438; x_wconf 81' lang='lat' dir='ltr'><strong>Thracia</strong></span> <span class='ocrx_word' id='word_1_238' title='bbox 750 2395 846 2454; x_wconf 89' lang='lat' dir='ltr'><strong>neque</strong></span> <span class='ocrx_word' id='word_1_239' title='bbox 869 2375 925 2436; x_wconf 87' lang='lat' dir='ltr'><strong>alia</strong></span> <span class='ocrx_word' id='word_1_240' title='bbox 946 2377 1114 2456; x_wconf 86' lang='lat' dir='ltr'><strong>epiphaniae</strong></span> <span class='ocrx_word' id='word_1_241' title='bbox 1134 2379 1190 2437; x_wconf 83' lang='lat' dir='ltr'><strong>fuit</strong></span> <span class='ocrx_word' id='word_1_242' title='bbox 1205 2379 1281 2438; x_wconf 89' lang='lat' dir='ltr'><strong>ratio</strong></span> <span class='ocrx_word' id='word_1_243' title='bbox 1296 2383 1317 2444; x_wconf 88' lang='grc'>6</span> <span class='ocrx_word' id='word_1_244' title='bbox 1334 2378 1381 2438; x_wconf 91' lang='lat' dir='ltr'><strong>Ia-</strong></span> <span class='ocrx_word' id='word_1_245' title='bbox 1496 2426 1497 2429; x_wconf 15' lang='grc' dir='ltr'>η</span> 
     </span>
     <span class='ocr_line' id='line_1_26' title="bbox 278 2462 1380 2546; baseline 0.002 -24"><span class='ocrx_word' id='word_1_246' title='bbox 278 2463 369 2522; x_wconf 89' lang='lat' dir='ltr'><strong>nuarii</strong></span> <span class='ocrx_word' id='word_1_247' title='bbox 385 2479 470 2538; x_wconf 87' lang='lat' dir='ltr'><strong>quarn</strong></span> <span class='ocrx_word' id='word_1_248' title='bbox 483 2481 559 2522; x_wconf 89' lang='lat' dir='ltr'><strong>nunc</strong></span> <span class='ocrx_word' id='word_1_249' title='bbox 573 2463 627 2539; x_wconf 86' lang='lat' dir='ltr'><strong>sit,</strong></span> <span class='ocrx_word' id='word_1_250' title='bbox 647 2463 702 2520; x_wconf 90' lang='lat' dir='ltr'><strong>nisi</strong></span> <span class='ocrx_word' id='word_1_251' title='bbox 716 2463 795 2540; x_wconf 91' lang='lat' dir='ltr'><strong>apud</strong></span> <span class='ocrx_word' id='word_1_252' title='bbox 809 2481 916 2542; x_wconf 86' lang='lat' dir='ltr'><strong>paucos</strong></span> <span class='ocrx_word' id='word_1_253' title='bbox 929 2481 1038 2540; x_wconf 86' lang='lat' dir='ltr'><strong>eosque</strong></span> <span class='ocrx_word' id='word_1_254' title='bbox 1059 2463 1120 2523; x_wconf 81' lang='lat' dir='ltr'><strong>iere</strong></span> <span class='ocrx_word' id='word_1_255' title='bbox 1136 2462 1315 2545; x_wconf 80' lang='lat' dir='ltr'><strong>Aegyptios,</strong></span> <span class='ocrx_word' id='word_1_256' title='bbox 1332 2463 1380 2546; x_wconf 85' lang='lat' dir='ltr'><strong>qui</strong></span> 
     </span>
     <span class='ocr_line' id='line_1_27' title="bbox 277 2542 840 2612; baseline -0.002 -3"><span class='ocrx_word' id='word_1_257' title='bbox 277 2542 402 2608; x_wconf 83' lang='lat' dir='ltr'><strong>natalem</strong></span> <span class='ocrx_word' id='word_1_258' title='bbox 422 2549 526 2606; x_wconf 87' lang='lat' dir='ltr'><strong>domiui</strong></span> <span class='ocrx_word' id='word_1_259' title='bbox 542 2547 840 2612; x_wconf 79' lang='lat' dir='ltr'><strong>61auuariiobibant.</strong></span> 
     </span>
     <span class='ocr_line' id='line_1_28' title="bbox 363 2631 1380 2713; baseline 0.002 -23"><span class='ocrx_word' id='word_1_260' title='bbox 363 2631 533 2711; x_wconf 78' lang='lat' dir='ltr'><strong>Appellatus</strong></span> <span class='ocrx_word' id='word_1_261' title='bbox 552 2634 652 2692; x_wconf 86' lang='lat' dir='ltr'><strong>eadem</strong></span> <span class='ocrx_word' id='word_1_262' title='bbox 672 2633 842 2713; x_wconf 85' lang='lat' dir='ltr'><strong>epiphaniae</strong></span> <span class='ocrx_word' id='word_1_263' title='bbox 864 2631 1019 2692; x_wconf 87' lang='lat' dir='ltr'><strong>solennitas</strong></span> <span class='ocrx_word' id='word_1_264' title='bbox 1032 2631 1134 2711; x_wconf 69' lang='lat' dir='ltr'><strong>fostun</strong></span> <span class='ocrx_word' id='word_1_265' title='bbox 1155 2631 1299 2710; x_wconf 53' lang='lat' dir='ltr'><strong>lancisam</strong></span> <span class='ocrx_word' id='word_1_266' title='bbox 1318 2636 1380 2692; x_wconf 83' lang='lat' dir='ltr'><strong>tm</strong></span> 
     </span>
     <span class='ocr_line' id='line_1_29' title="bbox 279 2717 1380 2796; baseline 0 -20"><span class='ocrx_word' id='word_1_267' title='bbox 279 2717 317 2776; x_wconf 90' lang='lat' dir='ltr'><strong>ob</strong></span> <span class='ocrx_word' id='word_1_268' title='bbox 329 2718 519 2796; x_wconf 88' lang='lat' dir='ltr'><strong>baptismum,</strong></span> <span class='ocrx_word' id='word_1_269' title='bbox 538 2719 601 2778; x_wconf 84' lang='lat' dir='ltr'><strong>tum</strong></span> <span class='ocrx_word' id='word_1_270' title='bbox 618 2719 685 2796; x_wconf 85' lang='lat' dir='ltr'><strong>quia</strong></span> <span class='ocrx_word' id='word_1_271' title='bbox 701 2718 856 2779; x_wconf 84' lang='lat' dir='ltr'><strong>Christiani</strong></span> <span class='ocrx_word' id='word_1_272' title='bbox 870 2719 945 2777; x_wconf 75' lang='lat' dir='ltr'><strong>dem</strong></span> <span class='ocrx_word' id='word_1_273' title='bbox 965 2718 1042 2777; x_wconf 88' lang='lat' dir='ltr'><strong>hunc</strong></span> <span class='ocrx_word' id='word_1_274' title='bbox 1057 2719 1180 2778; x_wconf 89' lang='lat' dir='ltr'><strong>accensis</strong></span> <span class='ocrx_word' id='word_1_275' title='bbox 1199 2719 1287 2776; x_wconf 88' lang='lat' dir='ltr'><strong>cereis</strong></span> <span class='ocrx_word' id='word_1_276' title='bbox 1308 2717 1380 2776; x_wconf 87' lang='lat' dir='ltr'><strong>cele·</strong></span> 
     </span>
     <span class='ocr_line' id='line_1_30' title="bbox 278 2800 1381 2881; baseline 0.001 -19"><span class='ocrx_word' id='word_1_277' title='bbox 278 2801 362 2862; x_wconf 85' lang='lat' dir='ltr'><strong>brare</strong></span> <span class='ocrx_word' id='word_1_278' title='bbox 377 2808 590 2862; x_wconf 85' lang='lat' dir='ltr'><strong>consueverunt.</strong></span> <span class='ocrx_word' id='word_1_279' title='bbox 631 2805 673 2861; x_wconf 92' lang='lat' dir='ltr'><strong>ita</strong></span> <span class='ocrx_word' id='word_1_280' title='bbox 683 2801 782 2861; x_wconf 91' lang='lat' dir='ltr'><strong>Billius</strong></span> <span class='ocrx_word' id='word_1_281' title='bbox 796 2809 893 2862; x_wconf 83' lang='lat' dir='ltr'><strong>annot.</strong></span> <span class='ocrx_word' id='word_1_282' title='bbox 916 2804 956 2862; x_wconf 90' lang='lat' dir='ltr'><strong>ad</strong></span> <span class='ocrx_word' id='word_1_283' title='bbox 978 2809 1051 2863; x_wconf 78' lang='lat' dir='ltr'><strong>orat.</strong></span> <span class='ocrx_word' id='word_1_284' title='bbox 1071 2803 1102 2861; x_wconf 91' lang='lat' dir='ltr'><strong>in</strong></span> <span class='ocrx_word' id='word_1_285' title='bbox 1122 2804 1232 2863; x_wconf 82' lang='lat' dir='ltr'><strong>Sancta</strong></span> <span class='ocrx_word' id='word_1_286' title='bbox 1249 2800 1381 2881; x_wconf 87' lang='lat' dir='ltr'><strong>Lumina,</strong></span> 
     </span>
     <span class='ocr_line' id='line_1_31' title="bbox 278 2885 1497 2968; baseline -0.001 -22"><span class='ocrx_word' id='word_1_287' title='bbox 278 2895 310 2948; x_wconf 92' lang='lat' dir='ltr'><strong>et</strong></span> <span class='ocrx_word' id='word_1_288' title='bbox 327 2887 467 2946; x_wconf 72' lang='lat' dir='ltr'><strong>Batonius</strong></span> <span class='ocrx_word' id='word_1_289' title='bbox 485 2888 521 2946; x_wconf 88' lang='lat' dir='ltr'><strong>ad</strong></span> <span class='ocrx_word' id='word_1_290' title='bbox 544 2886 728 2964; x_wconf 84' lang='lat' dir='ltr'><strong>Martyrolog.</strong></span> <span class='ocrx_word' id='word_1_291' title='bbox 748 2885 833 2947; x_wconf 85' lang='lat' dir='ltr'><strong>Rom.</strong></span> <span class='ocrx_word' id='word_1_292' title='bbox 847 2889 868 2950; x_wconf 87' lang='lat'><strong>6</strong></span> <span class='ocrx_word' id='word_1_293' title='bbox 882 2887 942 2947; x_wconf 82' lang='lat' dir='ltr'><strong>lan.</strong></span> <span class='ocrx_word' id='word_1_294' title='bbox 983 2890 1036 2946; x_wconf 89' lang='lat' dir='ltr'><strong>sed</strong></span> <span class='ocrx_word' id='word_1_295' title='bbox 1050 2889 1159 2948; x_wconf 88' lang='lat' dir='ltr'><strong>exstitit</strong></span> <span class='ocrx_word' id='word_1_296' title='bbox 1171 2889 1216 2947; x_wconf 87' lang='lat' dir='ltr'><strong>cui</strong></span> <span class='ocrx_word' id='word_1_297' title='bbox 1230 2888 1302 2947; x_wconf 89' lang='lat' dir='ltr'><strong>haec</strong></span> <span class='ocrx_word' id='word_1_298' title='bbox 1318 2889 1381 2968; x_wconf 89' lang='lat' dir='ltr'><strong>opi-</strong></span> <span class='ocrx_word' id='word_1_299' title='bbox 1496 2890 1497 2909; x_wconf 67' lang='lat'>¹</span> 
     </span>
     <span class='ocr_line' id='line_1_32' title="bbox 278 2971 1497 3052; baseline 0 -21"><span class='ocrx_word' id='word_1_300' title='bbox 278 2971 327 3032; x_wconf 89' lang='lat' dir='ltr'><strong>nio</strong></span> <span class='ocrx_word' id='word_1_301' title='bbox 341 2971 462 3030; x_wconf 89' lang='lat' dir='ltr'><strong>Billiana</strong></span> <span class='ocrx_word' id='word_1_302' title='bbox 479 2977 509 3030; x_wconf 88' lang='lat' dir='ltr'><strong>et</strong></span> <span class='ocrx_word' id='word_1_303' title='bbox 529 2971 690 3032; x_wconf 89' lang='lat' dir='ltr'><strong>Baroniana</strong></span> <span class='ocrx_word' id='word_1_304' title='bbox 708 2990 767 3031; x_wconf 88' lang='lat' dir='ltr'><strong>nou</strong></span> <span class='ocrx_word' id='word_1_305' title='bbox 786 2972 911 3051; x_wconf 87' lang='lat' dir='ltr'><strong>placeret</strong></span> <span class='ocrx_word' id='word_1_306' title='bbox 927 2979 1064 3050; x_wconf 88' lang='lat' dir='ltr'><strong>tanquam</strong></span> <span class='ocrx_word' id='word_1_307' title='bbox 1081 2973 1167 3052; x_wconf 85' lang='lat' dir='ltr'><strong>louge</strong></span> <span class='ocrx_word' id='word_1_308' title='bbox 1185 2992 1204 3032; x_wconf 89' lang='lat' dir='ltr'><strong>a</strong></span> <span class='ocrx_word' id='word_1_309' title='bbox 1222 2991 1291 3032; x_wconf 85' lang='lat' dir='ltr'><strong>vero</strong></span> <span class='ocrx_word' id='word_1_310' title='bbox 1310 2973 1379 3032; x_wconf 84' lang='lat' dir='ltr'><strong>avia.</strong></span> <span class='ocrx_word' id='word_1_311' title='bbox 1496 3026 1497 3031; x_wconf 73' lang='grc'>,</span> 
     </span>
     <span class='ocr_line' id='line_1_33' title="bbox 279 3056 1497 3140; baseline 0.002 -24"><span class='ocrx_word' id='word_1_312' title='bbox 279 3057 350 3136; x_wconf 88' lang='lat' dir='ltr'><strong>quid</strong></span> <span class='ocrx_word' id='word_1_313' title='bbox 373 3062 419 3116; x_wconf 87' lang='lat' dir='ltr'><strong>est</strong></span> <span class='ocrx_word' id='word_1_314' title='bbox 440 3076 509 3135; x_wconf 85' lang='lat' dir='ltr'><strong>ergo</strong></span> <span class='ocrx_word' id='word_1_315' title='bbox 522 3058 625 3117; x_wconf 74' lang='lat' dir='ltr'><strong>tastum</strong></span> <span class='ocrx_word' id='word_1_316' title='bbox 640 3056 776 3117; x_wconf 87' lang='lat' dir='ltr'><strong>luminum</strong></span> <span class='ocrx_word' id='word_1_317' title='bbox 787 3058 812 3116; x_wconf 93' lang='lat' dir='ltr'><strong>si</strong></span> <span class='ocrx_word' id='word_1_318' title='bbox 828 3077 888 3116; x_wconf 88' lang='lat' dir='ltr'><strong>nou</strong></span> <span class='ocrx_word' id='word_1_319' title='bbox 904 3058 1071 3138; x_wconf 88' lang='lat' dir='ltr'><strong>epiphaniae</strong></span> <span class='ocrx_word' id='word_1_320' title='bbox 1083 3078 1134 3118; x_wconf 90' lang='lat' dir='ltr'><strong>seu</strong></span> <span class='ocrx_word' id='word_1_321' title='bbox 1149 3059 1285 3140; x_wconf 86' lang='lat' dir='ltr'><strong>baptismi</strong></span> <span class='ocrx_word' id='word_1_322' title='bbox 1298 3059 1381 3118; x_wconf 84' lang='lat' dir='ltr'><strong>Chri·</strong></span> <span class='ocrx_word' id='word_1_323' title='bbox 1444 3058 1447 3068; x_wconf 85' lang='lat'>&#39;</span> <span class='ocrx_word' id='word_1_324' title='bbox 1496 3098 1497 3111; x_wconf 55' lang='lat'>2</span> 
     </span>
     <span class='ocr_line' id='line_1_34' title="bbox 279 3136 1497 3225; baseline 0.002 -23"><span class='ocrx_word' id='word_1_325' title='bbox 279 3141 340 3202; x_wconf 77' lang='lat' dir='ltr'><strong>stii</strong></span> <span class='ocrx_word' id='word_1_326' title='bbox 380 3145 534 3222; x_wconf 86' lang='lat' dir='ltr'><strong>respondet</strong></span> <span class='ocrx_word' id='word_1_327' title='bbox 547 3161 610 3202; x_wconf 86' lang='lat' dir='ltr'><strong>esse</strong></span> <span class='ocrx_word' id='word_1_328' title='bbox 626 3144 731 3202; x_wconf 78' lang='lat' dir='ltr'><strong>testum</strong></span> <span class='ocrx_word' id='word_1_329' title='bbox 745 3161 803 3219; x_wconf 93' lang='lat' dir='ltr'><strong>quo</strong></span> <span class='ocrx_word' id='word_1_330' title='bbox 818 3145 970 3220; x_wconf 87' lang='lat' dir='ltr'><strong>quotannis</strong></span> <span class='ocrx_word' id='word_1_331' title='bbox 987 3143 1151 3203; x_wconf 84' lang='lat' dir='ltr'><strong>Christiani</strong></span> <span class='ocrx_word' id='word_1_332' title='bbox 1166 3145 1346 3225; x_wconf 85' lang='lat' dir='ltr'><strong>baptismatis</strong></span> <span class='ocrx_word' id='word_1_333' title='bbox 1362 3163 1381 3204; x_wconf 89' lang='lat' dir='ltr'><strong>a</strong></span> <span class='ocrx_word' id='word_1_334' title='bbox 1496 3136 1497 3211; x_wconf 72' lang='lat' dir='ltr'><strong>l</strong></span> 
     </span>
     <span class='ocr_line' id='line_1_35' title="bbox 279 3222 1497 3308; baseline 0.001 -20"><span class='ocrx_word' id='word_1_335' title='bbox 279 3248 312 3288; x_wconf 89' lang='lat' dir='ltr'><strong>se</strong></span> <span class='ocrx_word' id='word_1_336' title='bbox 326 3229 451 3308; x_wconf 81' lang='lat' dir='ltr'><strong>suso&#39;epti</strong></span> <span class='ocrx_word' id='word_1_337' title='bbox 470 3230 632 3289; x_wconf 85' lang='lat' dir='ltr'><strong>mernoriam</strong></span> <span class='ocrx_word' id='word_1_338' title='bbox 645 3229 814 3288; x_wconf 83' lang='lat' dir='ltr'><strong>recolebant</strong></span> <span class='ocrx_word' id='word_1_339' title='bbox 855 3230 1005 3308; x_wconf 86' lang='lat' dir='ltr'><strong>idprobst</strong></span> <span class='ocrx_word' id='word_1_340' title='bbox 1023 3229 1202 3289; x_wconf 81' lang='lat' dir='ltr'><strong>exoratione</strong></span> <span class='ocrx_word' id='word_1_341' title='bbox 1220 3232 1381 3307; x_wconf 80' lang='lat' dir='ltr'><strong>quadrags-</strong></span> <span class='ocrx_word' id='word_1_342' title='bbox 1496 3222 1497 3265; x_wconf 62' lang='lat' dir='ltr'><strong>l</strong></span> 
     </span>
     <span class='ocr_line' id='line_1_36' title="bbox 279 3314 1497 3394; baseline 0.001 -22"><span class='ocrx_word' id='word_1_343' title='bbox 279 3315 350 3374; x_wconf 88' lang='lat' dir='ltr'><strong>sima</strong></span> <span class='ocrx_word' id='word_1_344' title='bbox 365 3314 558 3393; x_wconf 72' lang='lat' dir='ltr'><strong>Nomentani,</strong></span> <span class='ocrx_word' id='word_1_345' title='bbox 579 3333 652 3392; x_wconf 86' lang='lat' dir='ltr'><strong>quac</strong></span> <span class='ocrx_word' id='word_1_346' title='bbox 667 3320 712 3374; x_wconf 90' lang='lat' dir='ltr'><strong>est</strong></span> <span class='ocrx_word' id='word_1_347' title='bbox 727 3315 757 3374; x_wconf 92' lang='lat' dir='ltr'><strong>iu</strong></span> <span class='ocrx_word' id='word_1_348' title='bbox 774 3333 878 3374; x_wconf 75' lang='lat' dir='ltr'><strong>ramma</strong></span> <span class='ocrx_word' id='word_1_349' title='bbox 897 3317 1070 3394; x_wconf 67' lang='lat' dir='ltr'><strong>baptismum</strong></span> <span class='ocrx_word' id='word_1_350' title='bbox 1088 3315 1139 3372; x_wconf 91' lang='lat' dir='ltr'><strong>ubi</strong></span> <span class='ocrx_word' id='word_1_351' title='bbox 1158 3317 1188 3374; x_wconf 87' lang='lat' dir='ltr'><strong>ia</strong></span> <span class='ocrx_word' id='word_1_352' title='bbox 1208 3316 1272 3393; x_wconf 90' lang='lat' dir='ltr'><strong>ipso</strong></span> <span class='ocrx_word' id='word_1_353' title='bbox 1282 3315 1380 3374; x_wconf 87' lang='lat' dir='ltr'><strong>statim</strong></span> <span class='ocrx_word' id='word_1_354' title='bbox 1496 3356 1497 3363; x_wconf 20' lang='grc' dir='ltr'><strong>κ</strong></span> 
     </span>
     <span class='ocr_line' id='line_1_37' title="bbox 279 3399 1497 3480; baseline 0.002 -22"><span class='ocrx_word' id='word_1_355' title='bbox 279 3401 394 3460; x_wconf 78' lang='lat' dir='ltr'><strong>exordio</strong></span> <span class='ocrx_word' id='word_1_356' title='bbox 420 3401 477 3461; x_wconf 90' lang='lat' dir='ltr'><strong>ista</strong></span> <span class='ocrx_word' id='word_1_357' title='bbox 501 3401 647 3479; x_wconf 85' lang='lat' dir='ltr'><strong>leguntur:</strong></span> <span class='ocrx_word' id='word_1_358' title='bbox 674 3401 732 3461; x_wconf 83' lang='lat' dir='ltr'><strong>beri</strong></span> <span class='ocrx_word' id='word_1_359' title='bbox 752 3399 916 3480; x_wconf 55' lang='lat' dir='ltr'><strong>asadiam</strong></span> <span class='ocrx_word' id='word_1_360' title='bbox 938 3400 1064 3460; x_wconf 71' lang='lat' dir='ltr'><strong>tanim</strong></span> <span class='ocrx_word' id='word_1_361' title='bbox 1084 3399 1154 3462; x_wconf 65' lang='lat' dir='ltr'><strong>aas</strong></span> <span class='ocrx_word' id='word_1_362' title='bbox 1175 3400 1382 3471; x_wconf 64' lang='lat' dir='ltr'><strong>adebrnoim</strong></span> <span class='ocrx_word' id='word_1_363' title='bbox 1496 3400 1497 3403; x_wconf 65' lang='grc'>’</span> 
     </span>
     <span class='ocr_line' id='line_1_38' title="bbox 280 3486 1381 3568; baseline 0.003 -26"><span class='ocrx_word' id='word_1_364' title='bbox 280 3487 395 3546; x_wconf 82' lang='lat' dir='ltr'><strong>salutem</strong></span> <span class='ocrx_word' id='word_1_365' title='bbox 410 3490 477 3546; x_wconf 79' lang='lat' dir='ltr'><strong>caim</strong></span> <span class='ocrx_word' id='word_1_366' title='bbox 501 3493 618 3546; x_wconf 74' lang='lat' dir='ltr'><strong>metrosa</strong></span> <span class='ocrx_word' id='word_1_367' title='bbox 643 3487 749 3546; x_wconf 81' lang='lat' dir='ltr'><strong>laetitia</strong></span> <span class='ocrx_word' id='word_1_368' title='bbox 769 3488 893 3564; x_wconf 74' lang='lat' dir='ltr'><strong>prorepat</strong></span> <span class='ocrx_word' id='word_1_369' title='bbox 915 3486 1098 3560; x_wconf 70' lang='lat' dir='ltr'><strong>mordebat,</strong></span> <span class='ocrx_word' id='word_1_370' title='bbox 1125 3506 1161 3545; x_wconf 86' lang='lat' dir='ltr'><strong>ac</strong></span> <span class='ocrx_word' id='word_1_371' title='bbox 1176 3486 1259 3545; x_wconf 82' lang='lat' dir='ltr'><strong>sralto</strong></span> <span class='ocrx_word' id='word_1_372' title='bbox 1275 3486 1381 3568; x_wconf 67' lang='lat' dir='ltr'><strong>pesida</strong></span> 
     </span>
     <span class='ocr_line' id='line_1_39' title="bbox 279 3571 1384 3650; baseline 0.001 -22"><span class='ocrx_word' id='word_1_373' title='bbox 279 3575 370 3646; x_wconf 75' lang='lat' dir='ltr'><strong>magis</strong></span> <span class='ocrx_word' id='word_1_374' title='bbox 391 3589 470 3648; x_wconf 60' lang='lat' dir='ltr'><strong>mom</strong></span> <span class='ocrx_word' id='word_1_375' title='bbox 491 3575 582 3630; x_wconf 60' lang='lat' dir='ltr'><strong>carus</strong></span> <span class='ocrx_word' id='word_1_376' title='bbox 605 3575 688 3630; x_wconf 76' lang='lat' dir='ltr'><strong>amici</strong></span> <span class='ocrx_word' id='word_1_377' title='bbox 709 3571 766 3630; x_wconf 77' lang='lat' dir='ltr'><strong>dies</strong></span> <span class='ocrx_word' id='word_1_378' title='bbox 790 3590 833 3629; x_wconf 79' lang='lat' dir='ltr'><strong>cos</strong></span> <span class='ocrx_word' id='word_1_379' title='bbox 855 3574 995 3648; x_wconf 63' lang='lat' dir='ltr'><strong>puotm</strong></span> <span class='ocrx_word' id='word_1_380' title='bbox 1010 3571 1143 3630; x_wconf 81' lang='lat' dir='ltr'><strong>celebrant</strong></span> <span class='ocrx_word' id='word_1_381' title='bbox 1154 3571 1384 3650; x_wconf 81' lang='lat' dir='ltr'><strong>puibnscelanta&#39;</strong></span> 
     </span>
     <span class='ocr_line' id='line_1_40' title="bbox 280 3655 1497 3735; baseline 0.001 -21"><span class='ocrx_word' id='word_1_382' title='bbox 280 3655 325 3714; x_wconf 83' lang='lat' dir='ltr'><strong>ool</strong></span> <span class='ocrx_word' id='word_1_383' title='bbox 343 3658 509 3715; x_wconf 79' lang='lat' dir='ltr'><strong>matrimonio</strong></span> <span class='ocrx_word' id='word_1_384' title='bbox 524 3659 612 3715; x_wconf 75' lang='lat' dir='ltr'><strong>abacti</strong></span> <span class='ocrx_word' id='word_1_385' title='bbox 631 3661 711 3731; x_wconf 85' lang='lat' dir='ltr'><strong>suat,</strong></span> <span class='ocrx_word' id='word_1_386' title='bbox 740 3655 782 3715; x_wconf 81' lang='lat' dir='ltr'><strong>oel</strong></span> <span class='ocrx_word' id='word_1_387' title='bbox 797 3675 887 3715; x_wconf 75' lang='lat' dir='ltr'><strong>mcc</strong></span> <span class='ocrx_word' id='word_1_388' title='bbox 902 3662 1057 3735; x_wconf 65' lang='lat' dir='ltr'><strong>cremasset</strong></span> <span class='ocrx_word' id='word_1_389' title='bbox 1063 3700 1075 3729; x_wconf 89' lang='lat'><strong>,</strong></span> <span class='ocrx_word' id='word_1_390' title='bbox 1097 3656 1142 3716; x_wconf 79' lang='lat' dir='ltr'><strong>ool</strong></span> <span class='ocrx_word' id='word_1_391' title='bbox 1161 3661 1230 3716; x_wconf 79' lang='lat' dir='ltr'><strong>certe</strong></span> <span class='ocrx_word' id='word_1_392' title='bbox 1247 3659 1320 3717; x_wconf 72' lang='lat' dir='ltr'><strong>dator</strong></span> <span class='ocrx_word' id='word_1_393' title='bbox 1332 3658 1381 3716; x_wconf 83' lang='lat' dir='ltr'><strong>ais-</strong></span> <span class='ocrx_word' id='word_1_394' title='bbox 1496 3684 1497 3715; x_wconf 69' lang='lat' dir='ltr'><strong>r</strong></span> 
     </span>
     <span class='ocr_line' id='line_1_41' title="bbox 279 3741 1497 3821; baseline 0.004 -23"><span class='ocrx_word' id='word_1_395' title='bbox 279 3758 357 3799; x_wconf 77' lang='lat' dir='ltr'><strong>nous</strong></span> <span class='ocrx_word' id='word_1_396' title='bbox 372 3743 631 3820; x_wconf 53' lang='lat' dir='ltr'><strong>cmssricoepenam</strong></span> <span class='ocrx_word' id='word_1_397' title='bbox 655 3741 697 3800; x_wconf 82' lang='lat' dir='ltr'><strong>ael</strong></span> <span class='ocrx_word' id='word_1_398' title='bbox 714 3744 798 3800; x_wconf 74' lang='lat' dir='ltr'><strong>ianm</strong></span> <span class='ocrx_word' id='word_1_399' title='bbox 815 3741 930 3820; x_wconf 62' lang='lat' dir='ltr'><strong>cupam</strong></span> <span class='ocrx_word' id='word_1_400' title='bbox 949 3745 1036 3820; x_wconf 73' lang='lat' dir='ltr'><strong>petar</strong></span> <span class='ocrx_word' id='word_1_401' title='bbox 1052 3742 1232 3818; x_wconf 70' lang='lat' dir='ltr'><strong>bcdummt,</strong></span> <span class='ocrx_word' id='word_1_402' title='bbox 1250 3741 1295 3802; x_wconf 78' lang='lat' dir='ltr'><strong>sol</strong></span> <span class='ocrx_word' id='word_1_403' title='bbox 1313 3761 1382 3821; x_wconf 75' lang='lat' dir='ltr'><strong>qaas⁴</strong></span> <span class='ocrx_word' id='word_1_404' title='bbox 1496 3778 1497 3809; x_wconf 70' lang='lat' dir='ltr'><strong>r</strong></span> 
     </span>
     <span class='ocr_line' id='line_1_42' title="bbox 280 3825 1497 3906; baseline 0.002 -22"><span class='ocrx_word' id='word_1_405' title='bbox 280 3843 384 3904; x_wconf 79' lang='lat' dir='ltr'><strong>tanqua</strong></span> <span class='ocrx_word' id='word_1_406' title='bbox 403 3825 506 3884; x_wconf 64' lang='lat' dir='ltr'><strong>muas</strong></span> <span class='ocrx_word' id='word_1_407' title='bbox 529 3827 587 3888; x_wconf 82' lang='lat' dir='ltr'><strong>alin</strong></span> <span class='ocrx_word' id='word_1_408' title='bbox 613 3825 646 3886; x_wconf 82' lang='lat' dir='ltr'><strong>de</strong></span> <span class='ocrx_word' id='word_1_409' title='bbox 664 3845 749 3888; x_wconf 78' lang='lat' dir='ltr'><strong>causa</strong></span> <span class='ocrx_word' id='word_1_410' title='bbox 777 3827 902 3888; x_wconf 68' lang='lat' dir='ltr'><strong>matus</strong></span> <span class='ocrx_word' id='word_1_411' title='bbox 921 3827 1023 3905; x_wconf 72' lang='lat' dir='ltr'><strong>fostun</strong></span> <span class='ocrx_word' id='word_1_412' title='bbox 1040 3827 1219 3904; x_wconf 54' lang='lat' dir='ltr'><strong>dimanat.</strong></span> <span class='ocrx_word' id='word_1_413' title='bbox 1258 3826 1385 3906; x_wconf 69' lang='lat' dir='ltr'><strong>bods&#39;eda</strong></span> <span class='ocrx_word' id='word_1_414' title='bbox 1496 3826 1497 3829; x_wconf 70' lang='grc'>’</span> 
     </span>
     <span class='ocr_line' id='line_1_43' title="bbox 279 3911 1384 3991; baseline 0.001 -22"><span class='ocrx_word' id='word_1_415' title='bbox 279 3911 411 3990; x_wconf 74' lang='lat' dir='ltr'><strong>baptisato</strong></span> <span class='ocrx_word' id='word_1_416' title='bbox 426 3917 452 3970; x_wconf 83' lang='lat' dir='ltr'><strong>et</strong></span> <span class='ocrx_word' id='word_1_417' title='bbox 469 3911 594 3991; x_wconf 79' lang='lat' dir='ltr'><strong>beneficio</strong></span> <span class='ocrx_word' id='word_1_418' title='bbox 605 3911 667 3971; x_wconf 85' lang='lat' dir='ltr'><strong>br&#39;ac</strong></span> <span class='ocrx_word' id='word_1_419' title='bbox 683 3918 790 3990; x_wconf 65' lang='grc' dir='ltr'><strong>«σοφία</strong></span> <span class='ocrx_word' id='word_1_420' title='bbox 806 3913 846 3972; x_wconf 85' lang='lat' dir='ltr'><strong>nd</strong></span> <span class='ocrx_word' id='word_1_421' title='bbox 862 3932 909 3972; x_wconf 82' lang='lat' dir='ltr'><strong>nos</strong></span> <span class='ocrx_word' id='word_1_422' title='bbox 923 3917 1048 3972; x_wconf 71' lang='lat' dir='ltr'><strong>nauale</strong></span> <span class='ocrx_word' id='word_1_423' title='bbox 1060 3913 1225 3976; x_wconf 68' lang='lat' dir='ltr'><strong>diam</strong></span> <span class='ocrx_word' id='word_1_424' title='bbox 1265 3931 1302 3974; x_wconf 81' lang='lat' dir='ltr'><strong>ex</strong></span> <span class='ocrx_word' id='word_1_425' title='bbox 1318 3913 1384 3989; x_wconf 87' lang='lat' dir='ltr'><strong>qui·</strong></span> 
     </span>
     <span class='ocr_line' id='line_1_44' title="bbox 279 3995 1497 4080; baseline -0.002 -24"><span class='ocrx_word' id='word_1_426' title='bbox 279 3997 334 4056; x_wconf 85' lang='lat' dir='ltr'><strong>bus</strong></span> <span class='ocrx_word' id='word_1_427' title='bbox 352 3995 444 4054; x_wconf 86' lang='lat' dir='ltr'><strong>verbis</strong></span> <span class='ocrx_word' id='word_1_428' title='bbox 464 3996 570 4074; x_wconf 79' lang='lat' dir='ltr'><strong>colligit</strong></span> <span class='ocrx_word' id='word_1_429' title='bbox 581 3997 681 4075; x_wconf 72' lang='lat' dir='ltr'><strong>sartan</strong></span> <span class='ocrx_word' id='word_1_430' title='bbox 703 3998 832 4058; x_wconf 73' lang='lat' dir='ltr'><strong>bainna</strong></span> <span class='ocrx_word' id='word_1_431' title='bbox 848 3997 918 4056; x_wconf 88' lang='lat' dir='ltr'><strong>nihil</strong></span> <span class='ocrx_word' id='word_1_432' title='bbox 940 3997 1018 4058; x_wconf 85' lang='lat' dir='ltr'><strong>aliud</strong></span> <span class='ocrx_word' id='word_1_433' title='bbox 1035 3998 1123 4058; x_wconf 66' lang='lat' dir='ltr'><strong>subse</strong></span> <span class='ocrx_word' id='word_1_434' title='bbox 1142 4016 1228 4074; x_wconf 84' lang='lat' dir='ltr'><strong>qaam</strong></span> <span class='ocrx_word' id='word_1_435' title='bbox 1248 3996 1383 4080; x_wconf 76' lang='lat' dir='ltr'><strong>bapnmi</strong></span> <span class='ocrx_word' id='word_1_436' title='bbox 1496 4000 1497 4053; x_wconf 78' lang='grc' dir='ltr'>ἶ</span> 
     </span>
     <span class='ocr_line' id='line_1_45' title="bbox 278 4081 1383 4163; baseline 0 -21"><span class='ocrx_word' id='word_1_437' title='bbox 278 4083 316 4142; x_wconf 88' lang='lat' dir='ltr'><strong>ab</strong></span> <span class='ocrx_word' id='word_1_438' title='bbox 339 4099 512 4159; x_wconf 86' lang='lat' dir='ltr'><strong>unoquoque</strong></span> <span class='ocrx_word' id='word_1_439' title='bbox 531 4081 656 4163; x_wconf 89' lang='lat' dir='ltr'><strong>suscepti</strong></span> <span class='ocrx_word' id='word_1_440' title='bbox 681 4083 978 4143; x_wconf 85' lang='lat' dir='ltr'><strong>commemorationem</strong></span> <span class='ocrx_word' id='word_1_441' title='bbox 1031 4085 1084 4142; x_wconf 92' lang='lat' dir='ltr'><strong>sed</strong></span> <span class='ocrx_word' id='word_1_442' title='bbox 1114 4085 1290 4163; x_wconf 86' lang='lat' dir='ltr'><strong>persuasioni</strong></span> <span class='ocrx_word' id='word_1_443' title='bbox 1316 4085 1383 4142; x_wconf 78' lang='lat' dir='ltr'><strong>hauc</strong></span> 
     </span>
     <span class='ocr_line' id='line_1_46' title="bbox 280 4167 1384 4249; baseline 0 -21"><span class='ocrx_word' id='word_1_444' title='bbox 280 4169 429 4230; x_wconf 84' lang='lat' dir='ltr'><strong>manifeste</strong></span> <span class='ocrx_word' id='word_1_445' title='bbox 451 4169 549 4228; x_wconf 87' lang='lat' dir='ltr'><strong>obstat</strong></span> <span class='ocrx_word' id='word_1_446' title='bbox 570 4169 601 4228; x_wconf 89' lang='lat' dir='ltr'><strong>iu</strong></span> <span class='ocrx_word' id='word_1_447' title='bbox 624 4167 720 4248; x_wconf 89' lang='lat' dir='ltr'><strong>priruis</strong></span> <span class='ocrx_word' id='word_1_448' title='bbox 746 4170 866 4249; x_wconf 87' lang='lat' dir='ltr'><strong>ipsemet</strong></span> <span class='ocrx_word' id='word_1_449' title='bbox 880 4167 1097 4246; x_wconf 82' lang='lat' dir='ltr'><strong>Nazianzenus,</strong></span> <span class='ocrx_word' id='word_1_450' title='bbox 1116 4171 1164 4246; x_wconf 90' lang='lat' dir='ltr'><strong>qui</strong></span> <span class='ocrx_word' id='word_1_451' title='bbox 1178 4171 1283 4230; x_wconf 84' lang='lat' dir='ltr'><strong>festum</strong></span> <span class='ocrx_word' id='word_1_452' title='bbox 1301 4167 1384 4228; x_wconf 88' lang='lat' dir='ltr'><strong>lumi-</strong></span> 
     </span>
     <span class='ocr_line' id='line_1_47' title="bbox 281 4251 1498 4339; baseline -0.001 -26"><span class='ocrx_word' id='word_1_453' title='bbox 281 4271 350 4314; x_wconf 88' lang='lat' dir='ltr'><strong>num</strong></span> <span class='ocrx_word' id='word_1_454' title='bbox 386 4251 485 4339; x_wconf 78' lang='lat' dir='ltr'><strong>aperte</strong></span> <span class='ocrx_word' id='word_1_455' title='bbox 507 4255 634 4318; x_wconf 87' lang='lat' dir='ltr'><strong>nominat</strong></span> <span class='ocrx_word' id='word_1_456' title='bbox 659 4255 765 4316; x_wconf 82' lang='lat' dir='ltr'><strong>festum</strong></span> <span class='ocrx_word' id='word_1_457' title='bbox 789 4255 969 4337; x_wconf 85' lang='lat' dir='ltr'><strong>baptismatis</strong></span> <span class='ocrx_word' id='word_1_458' title='bbox 993 4254 1102 4320; x_wconf 83' lang='lat' dir='ltr'><strong>Christi</strong></span> <span class='ocrx_word' id='word_1_459' title='bbox 1128 4274 1181 4317; x_wconf 80' lang='lat' dir='ltr'><strong>sca</strong></span> <span class='ocrx_word' id='word_1_460' title='bbox 1203 4254 1385 4338; x_wconf 84' lang='lat' dir='ltr'><strong>epiphaniae,</strong></span> <span class='ocrx_word' id='word_1_461' title='bbox 1496 4320 1498 4325; x_wconf 85' lang='lat'><em>.</em></span> 
     </span>
    </p>
   </div>
   <div class='ocr_carea' id='block_1_3' title="bbox 0 0 1542 4867">
    <p class='ocr_par' dir='ltr' id='par_1_3' title="bbox 0 0 1542 4867">
     <span class='ocr_line' id='line_1_48' title="bbox 0 0 1542 4867; baseline 0 0"><span class='ocrx_word' id='word_1_462' title='bbox 0 0 1542 4867; x_wconf 95' lang='lat' dir='ltr'><strong> </strong></span> 
     </span>
    </p>
   </div>
  </div>
 </body>
</html>
