3075 4867
505 257 833 352 meomurcrr.
857 277 939 345 xre
1203 280 1304 352 aas·

168 442 265 503 vicem
291 437 406 502 minam
427 437 518 522 sigilli.
563 440 641 520 quod
669 440 709 502 ait
723 437 837 521 hrnias,
864 441 986 523 primum
1003 443 1072 505 illud
1086 443 1208 525 sigillum
1225 465 1276 506 seu

170 528 340 588 scrutinium
367 529 460 588 vocari
481 529 680 588 nominationem
701 527 748 586 vel
759 532 1013 607 praesentationem,
1038 535 1191 591 secundum
1205 546 1275 591 vero

170 613 339 672 collationem
363 615 422 672 slve
443 613 621 687 collaturam,
649 611 679 670 id
699 614 812 673 minime
829 613 962 693 dixisset,
986 615 1012 673 ai
1030 633 1065 674 ex
1083 616 1143 676 iure
1161 618 1275 676 didicis-

164 704 216 756 set
233 699 367 773 quidnam
380 700 424 758 ius
444 697 622 774 rammandi,
643 697 710 772 quid
729 698 774 758 ius
791 700 990 778 praesentandi
1010 705 1040 760 et
1062 702 1130 777 quid
1148 702 1192 760 ius
1205 723 1274 762 con-

165 783 279 842 terendi
293 789 376 843 esset.
418 801 470 844 nee
493 782 546 843 hoo
567 783 768 862 omittendum,
789 783 1052 862 ia‘Turcograeeia
1073 782 1131 866 ario
1143 781 1306 867 πρῶτηνΡ
1327 797 1379 851 261

165 866 222 940 nal
248 867 390 1018 dsseooipoo
415 869 568 953 ,σφραγῖδα
587 867 681 928 vocari
707 863 743 934 ad
764 872 885 950 aaaron
904 870 956 933 nol
975 864 1116 956 δεύτερον
1135 869 1271 954 μήνυμα,
1341 913 1348 923 ·

240 1069 267 1121 p.
280 1050 335 1106 roe
347 1066 373 1104 v.
386 1050 428 1103 20.
446 1047 597 1106 electionem
612 1051 852 1122 deputationenqaa
862 1049 895 1104 ad
908 1049 1021 1104 officium
1032 1051 1184 1122 quodpiam,
1199 1057 1229 1108 ut
1240 1057 1269 1110 et

163 1136 315 1190 germanam
327 1119 353 1172 in
370 1119 431 1171 illud
442 1118 746 1188 institutionem„voaant
761 1116 928 1175 aeclesiastici
945 1121 1103 1190 σφραγῖδα,
1121 1138 1169 1174 cau
1184 1123 1270 1178 crucia
1326 1130 1337 1148 ¹

162 1183 1270 1328 tttttltr'ititfflttttztlt”htitnthtttltttindtt

162 1327 251 1378 minor
269 1324 392 1394 siquidem
413 1340 429 1375 a
447 1324 536 1378 maini
553 1326 728 1392 benedicitur,
750 1326 807 1380 eius
829 1325 920 1379 electio
938 1325 1034 1380 virtute
1051 1277 1104 1397 pai)
1115 1333 1155 1382 est
1170 1300 1270 1399 nanim,

162 1394 302 1463 σφραγῖδι
308 1431 322 1462 ,,
334 1409 426 1448 nomeu
436 1392 595 1450 nihilomiuus
605 1413 658 1450 nou
675 1395 837 1466 adipiseitur.

164 1535 166 1540 .
253 1497 358 1576 11105
372 1509 402 1558 νς
414 1495 444 1560 4.
474 1501 575 1560 eodem
593 1501 755 1580 modoque
780 1500 940 1581 patriarcha
962 1497 1130 1578 cpolitanus
1149 1505 1266 1576 tresque

163 1582 271 1644 caeteri
289 1581 482 1661 patriarchae,
509 1584 664 1662 eligebatur
681 1587 907 1664 archiepiscopus
927 1583 1075 1656 Achridis3
1101 1602 1175 1659 quae
1198 1587 1266 1660 quia

161 1668 260 1746 patria
273 1665 420 1724 Iustiniani
432 1667 608 1746 imperatoris
622 1676 702 1748 erat,
728 1671 764 1730 ab
779 1673 878 1729 eodem
888 1670 979 1748 prima
995 1668 1150 1728 Iustiniana
1165 1676 1267 1736 vocata

161 1758 226 1829 est,
246 1753 357 1827 magnis
372 1757 456 1810 aucta
467 1753 635 1836 privilegiis,
661 1772 718 1829 qua
737 1753 929 1814 ecclesiasticis
949 1772 1005 1830 qua
1022 1753 1158 1832 pohticis;
1180 1774 1267 1831 quam

161 1839 199 1896 ad
217 1836 490 1916 archiepiscopatum
508 1839 616 1915 evenit,
645 1839 728 1914 eique
747 1839 866 1897 subiecit
883 1857 979 1898 omnes
1001 1837 1183 1917 provinciales
1205 1842 1267 1918 epi-

159 1941 268 2000 scopos
284 1921 460 1997 dioeceseos,
476 1921 585 1984 Daciae
607 1928 636 1981 et
653 1923 763 2002 Mysiae
778 1925 935 2001 secundae,
956 1921 1130 2001 Dardaniae,
1144 1922 1267 1984 Praeva-

158 2007 270 2067 litauae
298 2011 328 2064 et
349 2007 488 2065 secundae
511 2007 705 2068 Macedoniae.
744 2007 887 2086 Gregoras
910 2008 932 2069 l..
948 2013 985 2072 i:
1018 2009 1080 2067 olim
1096 2007 1266 2068 Ioshnianna

157 2095 375 2171 imperatoremm
391 2095 554 2170 pronaum
572 2112 605 2151 on
621 2113 675 2171 praa
691 2093 827 2168 vorirmdna
844 2099 902 2152 erat
918 2111 978 2150 aran
996 2092 1061 2152 aliis
1072 2093 1164 2152 matta
1186 2093 1263 2152 reios

160 2181 294 2250 ornarat,
316 2180 373 2235 tam
393 2179 509 2253 paruam
527 2178 707 2237 Institutionum
721 2178 920 2258 appellaverat,
946 2183 1026 2255 atone
1043 2181 1124 2236 maru
1134 2182 1263 2254 perpetua

161 2262 286 2321 loiertate
302 2261 433 2336 donarat,
460 2283 488 2320 ao
501 2267 589 2320 tamen
607 2267 731 2342 excepto,
761 2282 795 2322 ne
809 2267 869 2322 er‘na
881 2262 1070 2340 archiepiscopi
1082 2261 1264 2321 Rornanorum

161 2351 334 2424 cooperatores
349 2351 525 2422 inungerent5
539 2365 607 2424 qnae
620 2351 813 2425 praerogativa
829 2347 932 2424 aphar
943 2347 1007 2404 aas
1018 2352 1059 2404 ert
1079 2363 1199 2405 conamen
1210 2352 1263 2408 en.

160 2433 239 2507 regia
257 2429 332 2488 seder
353 2447 439 2490 aaaron
461 2429 677 2511 (Bulgarorum)
708 2431 827 2508 deinceps
852 2421 916 2490 ocris
944 2449 977 2489 ea
997 2449 1051 2488 esre
1077 2433 1160 2509 ceepit
1181 2449 1262 2508 aanor

161 2515 332 2574 lastinianus
352 2519 491 2594 insperatos
509 2515 747 2595 archiepiscopatus
767 2516 861 2574 ionae
874 2517 1042 2595 parnaepre,
1071 2519 1105 2572 nt
1130 2514 1262 2589 damna,
1369 2511 1376 2522 ⁰

160 2601 334 2662 tarascone
350 2601 452 2660 nomine
480 2603 595 2660 annuit.
647 2606 710 2680 post
738 2600 914 2678 appellatione
936 2602 1024 2675 gentis
1047 2599 1123 2658 illins
1142 2599 1259 2676 υυὶςαὶα

161 2685 233 2744 locus
253 2689 310 2764 ipse
322 2682 461 2759 Balgatia
481 2683 569 2743 duitor
586 2689 641 2757 est,
671 2689 697 2742 et
716 2683 870 2760 Balgatiae
890 2666 1039 2762 ra'etropolir
1062 2686 1154 2764 prima
1169 2684 1260 2744 11111-
1340 2676 1342 2682 ’

158 2774 251 2830 rn'ana.
295 2767 360 2828 ride
377 2767 525 2828 Nouellum
557 2772 593 2830 11
616 2766 766 2826 Iustiniani
787 2775 818 2828 et
836 2770 952 2828 adeam
966 2767 1071 2827 scholia
1089 2766 1210 2846 Culucii,
1228 2774 1259 2826 et
1289 2794 1297 2809 s

159 2855 310 2914 Novellarn
323 2857 391 2918 131².
434 2853 489 2912 alia
502 2851 658 2912 Iustiniana
675 2854 788 2912 nomine
800 2855 923 2912 secunda
935 2855 990 2912 furt
1004 2854 1034 2910 in
1044 2854 1142 2930 Cypro
1158 2851 1260 2930 Insula,

159 2941 254 3018 patria
267 2938 437 2998 Theodorae
456 2938 569 3016 uxoris,
587 2944 622 2996 ut
638 2944 683 2997 est
699 2939 777 3016 apud
792 2937 982 3017 Nicephorum
997 2940 1037 3000 17
1047 2940 1089 3002 28
1106 2942 1136 2995 et
1150 2941 1190 3001 16
1207 2941 1260 3012 ar,

161 3042 327 3100 quanquam
346 3023 499 3102 Procopius
521 3021 574 3084 lt
594 3024 631 3082 de
647 3023 778 3082 aerhficii's
792 3023 939 3082 Iustiniani
956 3024 1079 3082 affimat
1094 3021 1260 3100 Ulpianum,

160 3108 324 3167 Dardaniae
348 3108 501 3188 oppidum,
528 3110 679 3167 secundam
698 3107 881 3167 lastinianum
898 3108 1070 3187 appellatum
1089 3123 1159 3164 esse.
1202 3111 1260 3164 ter·

160 3194 201 3252 tia
219 3193 375 3251 Iustiniana
390 3212 449 3252 uon
469 3197 514 3252 est
525 3192 702 3270 Chalcedon,
720 3198 754 3252 ut
776 3193 876 3272 inepte
888 3195 975 3252 vertit
992 3192 1104 3266 Iunius,
1125 3190 1259 3247 sedCar-

160 3279 251 3354 thago
281 3278 310 3334 iu
335 3277 447 3336 Africae
472 3278 655 3352 nequeenim
678 3275 862 3359 Καρχηδῶν,
887 3283 920 3337 ut
940 3278 970 3335 iu
993 3295 1045 3334 sua
1067 3291 1180 3349 quoque
1197 3274 1258 3330 edi-

162 3364 240 3420 tione
253 3362 341 3420 habet
357 3361 469 3439 Inulae,
493 3367 538 3420 est
553 3362 732 3440 Chalcedon,
751 3364 804 3420 sed
828 3362 988 3438 Carthag03
1016 3377 1089 3436 quae
1104 3359 1260 3418 Iustiniana

160 3445 258 3524 dicta,
287 3448 367 3522 quod
388 3445 563 3506 hstiaianus
586 3448 739 3526 Imperator
763 3446 965 3524 Carthaginem
989 3464 1047 3503 una
1073 3462 1136 3502 cunr
1152 3442 1259 3518 Africa,

160 3533 250 3610 pulsis
269 3530 418 3609 Vandalis,
445 3531 575 3591 Romano
598 3533 714 3610 imperio
733 3532 894 3592 restituerit.
936 3533 1001 3590 vide
1014 3527 1161 3589 Nouellum
1185 3529 1258 3591 131.

161 3617 216 3674 aira
237 3616 393 3675 Iustiniana
410 3635 487 3709 pava
502 3623 595 3677 exstat
613 3617 643 3678 iu
659 3617 770 3703 Notitia
785 3616 855 3677 Not
871 3619 909 3697 8,
929 3623 960 3676 et
973 3615 1028 3675 aia
1039 3613 1132 3675 Notit
1151 3615 1208 3690 28,
1225 3615 1259 3669 ui

160 3707 244 3763 notat
262 3702 393 3760 miseras
407 3704 445 3762 ad
459 3702 533 3762 Nov.
548 3705 597 3765 11.

68 3860 70 3865 .
161 3883 217 3946 GR
244 3805 298 3950 114
299 3822 338 3953 p1
354 3805 405 3866 1u
433 3801 553 3862 formula
585 3803 667 3863 huius
695 3801 864 3882 precationis
888 3802 994 3862 inserta
1025 3805 1070 3861 est
1097 3799 1159 3867 ld
1186 3796 1257 3858 Iuris

235 3907 264 3968 p.
342 3932 349 3947 .

229 4003 265 4057 ii.
283 4021 308 4055 v.
330 4003 369 4058 13.
392 3997 619 4072 oioprpnodoicao]
636 4001 805 4074 nonampliua
932 3999 978 4054 aed
989 3998 1074 4054 ovium
1091 4010 1258 4119 oaprprqfflve

161 4083 272 4138 gregem
284 4070 380 4124 Graeci
392 4078 486 4125 vocant
497 4067 639 4140 prinoipem
656 4089 724 4142 quae
735 4087 822 4125 roxa
856 4070 970 4124 homines
987 4069 1081 4122 sociam
1098 4085 1115 4120 a
1149 4080 1258 4116 invicem

162 4143 191 4187 et
198 4146 316 4206 pacatam
328 4141 404 4194 vitum
417 4146 523 4208 agentes
541 4139 668 4194 translata
686 4139 759 4193 ahaua
779 4140 912 4193 confestim
929 4137 1060 4208 producit,
1077 4130 1257 4218 oippmaodpo'-

159 4220 214 4270 την
228 4205 359 4274 nimirum,
375 4209 418 4278 qui
435 4208 575 4262 huiuamodi
587 4209 698 4277 quietam
709 4209 849 4263 solitariam
867 4225 898 4262 ae
914 4207 1009 4262 rodam
1027 4205 1106 4257 vitam
1120 4219 1148 4255 ru
1163 4213 1258 4254 monor-

161 4270 209 4328 om
220 4279 247 4330 at
257 4278 384 4348 specubus
395 4283 482 4334 terrae
493 4277 628 4348 agentibus
644 4277 732 4333 ducem
752 4295 782 4334 ae
799 4278 908 4350 praebet
923 4279 1103 4332 caracterem.
1127 4287 1179 4342 quo
1194 4284 1258 4342 per·
