3075 4867
816 3 866 47 a·
1071 3 1135 85 1·-
1278 3 1346 78 re-⁸

492 267 545 344 nv
561 266 711 348 sorar
730 267 817 337 crr.
839 266 925 340 xre
1124 216 1127 232 ¹
1174 238 1251 344 ar'i

1188 386 1209 421 a·
1244 420 1246 425 .

145 437 238 516 toris,
257 434 378 498 Cedrea-
393 455 424 516 p.
445 430 525 511 594,
545 434 686 496 inlocum
705 432 802 496 Photii
821 433 1000 512 substitntm.
1014 428 1159 514 'modius
1181 456 1254 515 quo·

147 541 205 598 que
220 523 383 600 designatus
397 527 442 580 est
457 520 689 600 Theophylactns
708 519 830 582 Romani
847 519 990 602 Laoapeni
1009 523 1083 582 tilius
1100 544 1118 585 a
1134 523 1255 586 Nicolao

85 643 88 649 ι
147 603 327 687 patriarcha,
348 607 402 666 etsi
418 608 442 665 ei
464 625 522 665 non
535 607 687 688 successit,
709 609 761 668 sed
781 607 945 688 Stephanus
962 607 1257 688 Amaseaemetropof

145 691 216 771 lita,
239 693 323 752 Cedr.
338 693 368 752 in
389 692 456 772 imp.
477 690 559 750 Rom
573 690 641 752 Lac.
656 714 685 773 p.
699 693 769 758 624.
791 695 828 751 dc
843 692 949 754 Ioanne
970 689 1093 772 syncello
1114 694 1177 773 lege
1195 696 1257 756 Zo-

145 797 247 838 naram
267 779 296 836 in
314 777 431 858 imperio
451 775 617 856 Theophili,
637 784 674 840 ut,
695 783 725 836 et
744 777 781 836 de
795 777 932 838 Michaele
948 781 1073 857 syncello
1086 780 1257 857 Cedrennm.

145 863 224 922 idem
244 864 390 925 Cedrenns
410 863 580 922 mentionem
600 863 669 922 facit
692 863 892 942 protosyr'rcelli
918 865 949 924 in
971 865 1088 943 imperio
1111 864 1257 925 Michaelis

146 947 321 1027 Stratiotici,
341 947 467 1024 satisque
480 949 585 1008 indicat
597 966 660 1009 eam
673 948 710 1007 de
725 953 782 1026 qua
794 949 834 1008 ibi
847 949 973 1026 loquitur
986 950 1155 1027 dignitatem
1168 953 1257 1010 fnisse

145 1033 308 1112 politicam,
329 1052 387 1092 non
401 1033 631 1112 ecelesiasticam,
653 1053 716 1094 cunr
729 1034 806 1094 dieat
819 1054 907 1114 penes
920 1035 1000 1103 illum
1018 1037 1105 1095 fuisse
1123 1037 1257 1116 reipubli-

144 1138 196 1178 cae
211 1119 450 1179 administrandae
465 1137 567 1180 curam.
585 1123 629 1204 api
641 1119 892 1205 apusoouysilipr
905 1114 1028 1200 Aiovrr,
1046 1122 1149 1202 inquit,
1162 1141 1255 1205 προσ·

146 1198 292 1278 ελθόντες
304 1198 341 1266 ed
355 1199 443 1267 secvri
455 1205 620 1268 διοικοῦντι
632 1201 763 1292 spi-adse·
1029 1276 1032 1278 ,

234 1303 288 1364 Est
302 1311 397 1364 autem
413 1303 552 1384 syncellus
566 1305 648 1382 quasi
668 1305 793 1366 eiusdem
808 1305 894 1365 cellae
907 1323 1040 1386 consors,
1059 1310 1090 1366 et
1102 1313 1255 1387 protosyn-
1276 1299 1278 1313 '

145 1387 235 1448 cellas
248 1389 354 1468 primus
367 1392 440 1450 inter
454 1390 539 1450 cellae
561 1396 714 1450 consortes.
734 1409 780 1451 res
795 1393 912 1452 tandem
933 1393 964 1452 in
986 1393 1133 1470 dignitatis
1150 1412 1254 1455 nornen

146 1475 233 1550 abiit,
257 1479 290 1533 nt
301 1477 350 1550 qui
364 1493 416 1534 nec
430 1473 598 1558 odynannor
618 1495 671 1536 nec
691 1469 846 1562 adpetitor
862 1483 974 1555 essent,
994 1479 1067 1537 tales
1086 1483 1181 1537 tamen
1199 1498 1254 1556 ap-

145 1558 329 1639 pellarentur.
349 1561 422 1621 sicut
444 1559 528 1620 hodie
549 1560 630 1620 multi
653 1561 759 1620 habent
774 1581 838 1620 enm
847 1561 962 1621 titulum
974 1567 1007 1620 ut
1022 1570 1157 1622 vocentur
1169 1564 1200 1622 S.
1213 1562 1254 1622 D.

146 1645 184 1704 N.
200 1643 352 1716 dornestici,
372 1646 414 1706 ita
429 1651 459 1704 et
474 1646 589 1724 syncelli
602 1646 825 1726 patriarcharum
843 1650 959 1705 tandem
978 1654 1127 1707 evaserunt
1144 1647 1184 1706 illi
1203 1649 1254 1723 qui

146 1730 222 1788 forte
232 1748 379 1806 nunquam
391 1731 421 1789 iu
431 1732 599 1810 patriarchio
612 1731 818 1792 habitaverant.
828 1730 893 1789 huic
907 1737 1007 1808 postea
1017 1734 1151 1809 dignitati
1165 1753 1253 1810 agna-
1320 1762 1324 1773 ·

146 1820 207 1872 tum
222 1820 270 1872 est
282 1813 415 1895 πρῶτος,
436 1810 713 1897 πρωτοσύγκελλος,
735 1835 770 1876 ex
790 1815 874 1875 solita
887 1817 1016 1874 nimirum
1028 1817 1254 1893 ambitioneque

146 1897 286 1977 simplicia
305 1899 441 1958 vocabula
464 1904 522 1963 sori
543 1894 666 1982 nonime
689 1901 844 1960 convestire
869 1899 970 1960 solent.
1000 1902 1165 1962 invenerant
1187 1902 1256 1961 olim

146 1983 253 2042 Graeci
266 1983 379 2042 titulum
391 1985 556 2045 nobilissimi.
573 2003 618 2046 res
632 1985 678 2044 hic
691 2003 750 2044 non
763 1986 860 2063 stetit,
880 1985 995 2046 ambitio
1008 1987 1257 2067 πρωτονωβελίσ-

145 2088 232 2147 σιμος
252 2087 313 2128 esse
326 2069 422 2128 voluit.
443 2089 496 2129 nec
510 2070 572 2147 hic,
590 2071 716 2146 quamvis
729 2071 759 2128 irr
773 2069 859 2146 longo
872 2070 1001 2147 nomine,
1014 2070 1092 2129 finis:
1115 2077 1147 2144 ut
1161 2071 1256 2152 placet

144 2155 197 2212 tibi
218 2154 271 2212 ille
290 2153 321 2212 in
345 2153 410 2213 lure
435 2152 687 2214 Graeco-Romano
708 2149 766 2214 tt
789 2148 925 2232 Maricae
941 2156 1255 2237 πρῶτονωβελισσιμο-

147 2238 333 2318 dnipcnsoci
356 2239 438 2314 quale
459 2245 615 2298 monstrum
632 2239 720 2298 tituli!
741 2245 823 2298 erant
837 2238 953 2298 Graecis
973 2233 1135 2321 npdcdaor:
1155 2241 1256 2300 titulus

149 2323 202 2382 iste
222 2323 370 2402 augendus
391 2324 446 2382 fuit
473 2325 647 2403 praescripto
669 2323 804 2382 vocabulo
835 2318 972 2404 nopsiaco,
999 2320 1256 2405 πρωτοπρόεδροι,

150 2411 227 2482 quod
235 2411 267 2468 in
282 2408 347 2468 Iure
357 2407 610 2481 Graeco-Romano
624 2405 732 2488 passim
744 2408 857 2466 obvium
870 2413 923 2466 est.
940 2409 995 2468 etsi
1008 2410 1257 2488 autemscriptnra

148 2494 196 2552 illa
215 2493 360 2576 σύγγελος
376 2499 406 2552 et
426 2489 668 2573 πρωτοσύγγελος
690 2493 769 2570 apud
790 2493 940 2550 nonnullos
960 2494 1112 2571 scriptores
1133 2496 1258 2573 reperia-

150 2584 212 2654 tur,
233 2597 294 2638 non
308 2578 407 2636 dubito
421 2584 516 2638 tamen
529 2579 659 2637 vitiosam
671 2595 751 2654 esse,
772 2595 991 2654 germanamque
1003 2579 1078 2638 illam
1096 2573 1258 2659 odyssiioc

150 2669 181 2722 et
193 2656 475 2744 πρωτοσύγκελλος,
498 2663 563 2739 quia
579 2663 683 2722 clarum
704 2667 749 2719 est
768 2682 787 2720 a
805 2662 935 2739 concello,
955 2662 1009 2722 hoc
1032 2669 1077 2721 est
1096 2665 1133 2722 ab
1157 2667 1259 2724 eadem

152 2739 360 2823 eelia‚,nomen
374 2749 551 2808 descendere.
572 2748 638 2808 hinc
650 2745 815 2809 Wilhelmus
830 2746 935 2825 Tyrius
952 2745 992 2810 14
1008 2752 1048 2813 12
1069 2749 1193 2808 concellus
1203 2769 1258 2808 no-

150 2834 248 2893 minat.
291 2832 437 2902 Ennodius
458 2832 477 2892 l.
499 2835 517 2896 1
538 2834 620 2911 epist.
638 2831 658 2896 5
679 2837 762 2891 vocat
782 2830 947 2910 cabalaam,
962 2838 992 2891 et
1014 2835 1093 2910 quod
1116 2833 1258 2894 Graecum

151 2919 241 2995 magis
261 2920 407 2996 exprimit,
429 2917 612 2978 concellaneus.
654 2917 801 2977 Heraclius
821 2918 993 2995 imperator,
1014 2925 1048 2978 ut
1071 2925 1117 2977 est
1136 2919 1166 2976 in
1186 2938 1259 2994 qna-

152 3006 218 3062 dam
232 3005 292 3062 eius
307 3005 523 3081 constitutione,
542 3022 615 3080 quae
628 3009 721 3062 exstat
747 3003 765 3061 l.
786 3005 808 3064 2
827 3002 900 3061 luris
922 3002 1181 3082 Graeco-Romani,
1205 3024 1259 3061 nu·

151 3098 259 3147 r‘nerum
281 3091 452 3166 syncelteram
473 3090 511 3148 ad
533 3089 604 3148 duos
625 3089 742 3166 redegit.
772 3089 872 3146 mirum
890 3107 957 3147 vero
980 3089 1121 3148 Codinum
1146 3089 1260 3165 syncelli

152 3193 204 3232 scu
218 3173 389 3251 cancellorum
403 3175 572 3234 mentionem
584 3174 689 3232 nullam
702 3173 817 3250 fecisse,
838 3175 906 3232 dum
919 3172 1078 3249 catalogum
1098 3173 1257 3232 officialium
1372 3205 1378 3215 ·

152 3277 274 3334 magnae
287 3257 418 3316 ecclesiae
432 3264 556 3334 texeret,
577 3259 631 3317 nisi
650 3259 712 3336 quis
734 3257 811 3318 dicat
832 3257 1017 3335 syncellorum
1037 3257 1256 3338 appellationem
1355 3312 1360 3322 .

153 3359 211 3400 non
225 3343 309 3401 officii
320 3344 372 3402 sed
386 3343 531 3420 dignitatis
542 3343 637 3404 firisse.
737 3418 743 3428 Ι

222 3457 286 3510 ibid.
321 3455 366 3526 qui
377 3457 473 3526 primus
485 3457 592 3510 omnium
610 3452 753 3526 cdynsiiec
776 3471 808 3508 ae
824 3455 881 3508 ideo
900 3453 1023 3525 temporis
1039 3452 1128 3506 ordinm
1145 3469 1253 3519 πρωτο-

154 3522 298 3594 ‹niynsiioc
308 3526 415 3595 legitur,
435 3525 484 3579 ruit
495 3526 642 3580 Anastasius
654 3525 699 3578 ills
713 3525 866 3595 presbyter,
884 3524 927 3580 cui
943 3524 1073 3576 referente
1086 3523 1256 3591 Theophane,

155 3612 231 3662 quam
255 3602 410 3666 conceperat
432 3595 464 3648 de
486 3595 538 3647 lide
560 3611 707 3665 perversam
729 3593 896 3658 sententiam,
917 3592 1019 3662 publice
1041 3591 1256 3660 pronuntiandam

154 3663 180 3715 in
203 3665 328 3718 ecclesiae
348 3671 474 3717 conventu
490 3663 560 3716 dedit
583 3663 735 3718 Nestorius:
758 3656 866 3784 cippiiav
882 3660 946 3723 περὶ
962 3661 1078 3722 πίστεως
1099 3653 1257 3713 ἐκδέδωκεν

155 3733 194 3801 τῷ
214 3727 318 3787 ἑαυτοῦ
333 3729 478 3802 capnitis).
495 3733 537 3785 hie
553 3743 636 3786 autem
652 3748 708 3785 cunr
726 3731 774 3785 sub
800 3737 826 3784 to
844 3749 860 3784 e
877 3730 943 3784 vivis
955 3729 1078 3782 Nestorio
1094 3730 1267 3798 patriarchae·

155 3802 303 3870 dignitatern
322 3819 373 3858 non
398 3803 544 3871 exceperit,
567 3801 628 3855 nihil
654 3801 724 3854 aliud
744 3818 776 3854 eo
798 3799 904 3852 vivente
919 3798 1028 3867 adeptus
1045 3815 1120 3868 quarn
1139 3804 1168 3850 ut
1186 3807 1258 3850 esset

156 3871 288 3924 convictus
312 3871 366 3924 eius
384 3873 528 3942 particeps,
548 3871 638 3924 domus
662 3871 791 3938 cellaeque
808 3885 929 3931 consors,
952 3867 1052 3920 animae
1071 3866 1147 3920 r'ebus
1166 3867 1191 3918 in
1207 3867 1257 3917 dn-

156 3940 204 3992 biis
222 3941 350 4006 director,
364 3940 391 3992 ia
415 3940 498 3992 arduis
524 3938 694 4002 consiliarius,
711 3939 737 3992 in
761 3938 868 3990 secretis
885 3937 1020 4003 conscius,
1037 3953 1068 3988 ac
1087 3934 1208 3988 indivisus
1230 3934 1257 3986 in

157 4012 288 4080 prosperis
299 4016 326 4062 et
339 4009 453 4063 adversis
464 4009 556 4062 soclus.
574 4011 623 4062 hoc
642 4008 748 4077 primum
765 4008 840 4076 primi
858 4004 901 4077 qui
918 4003 1010 4074 legitur
1027 4005 1135 4074 syncelli
1152 4020 1257 4084 munps3

158 4077 222 4128 haee
232 4086 261 4132 nt
271 4097 333 4132 vera
343 4079 450 4131 norninis
462 4076 606 4147 expositio,
623 4077 660 4129 ita
671 4077 768 4146 pariter
780 4075 859 4128 officii
876 4073 935 4128 finis
952 4080 979 4128 et
995 4075 1106 4142 cognitio
1125 4071 1258 4123 sincerior.

159 4145 288 4230 Euagrius
303 4147 336 4200 de
346 4148 401 4217 ipso
412 4147 525 4215 syncello
538 4149 555 4200 6
571 4149 603 4200 ir
624 4147 675 4198 roi
691 4144 845 4209 Nesropioo
862 4140 1000 4211 διάπυρος
1015 4137 1146 4207 ἐραστής,
1161 4134 1192 4200 ὃς
1208 4136 1257 4192 sui

159 4212 328 4283 συνεκδημός
345 4213 375 4269 oi
390 4213 503 4284 γέγονεν
520 4210 589 4284 πρὸς
605 4209 658 4281 τὴν
675 4207 829 4299 intercapio
844 4207 1006 4279 daaipovss.
1034 4212 1157 4294 Socrates
1173 4210 1190 4263 7
1205 4210 1254 4294 ili:

158 4283 245 4354 συνῆν
268 4281 345 4358 αὐτῷ
364 4280 537 4350 honorinae
558 4279 756 4356 πρεσβύτερος,
783 4300 843 4353 αμα
868 4276 945 4358 αὐτῷ
973 4277 1003 4336 is
1030 4280 1080 4348 τῆς
1100 4280 1257 4347 Αντιοχειας
