3075 4867
522 248 569 317 lu
594 248 742 317 coum!
763 249 847 316 GAP.
869 250 949 317 XV.
1216 246 1291 317 ala

183 408 259 467 sceui
277 413 307 467 et
329 405 461 469 Andreae
479 408 632 471 Cretensis.
674 416 814 471 mortuam
832 428 900 488 ergo
920 409 1019 469 volunt
1035 406 1074 473 15
1089 410 1135 470 die
1148 395 1286 489 Augusti;

184 496 350 571 adduntque
366 496 466 555 eodem
485 497 530 555 die
551 497 734 555 resurrexisse
754 502 785 556 et
799 497 892 554 animo
912 496 994 553 simul
1015 502 1045 553 et
1054 516 1208 574 corporeus
1221 517 1285 556 eae-

190 573 242 637 lum
258 586 432 660 assumptam
452 600 523 640 esse.
565 599 652 657 quare
672 587 740 659 post
757 581 948 659 supradictum
959 582 996 638 de
1006 582 1158 639 domuitioua
1170 582 1285 643 titulum

191 664 358 741 seiungunt
385 664 520 727 menaea.
552 670 596 749 τῷ
624 660 706 747 αὐτῷ
731 668 806 745 μηνὶ
834 658 1122 773 memsuardsuoiryy‘
1098 689 1119 744 η
1136 668 1284 745 σεβασμία

192 744 359 823 perdurasse
375 754 431 829 τῆς
460 726 663 831 darpsoiitov
683 726 886 827 ‘duumuiros‘
863 754 951 828 ημῶν
976 743 1120 811 θεοτὸκου
1141 750 1193 811 καὶ
1220 746 1285 811 oisr

191 833 340 911 numiano
360 834 494 914 Μαρίας.
536 836 635 893 eodem
658 854 727 911 ergo
748 836 794 893 die
814 843 845 892 et
862 835 932 894 obiit
951 840 982 894 et
998 837 1036 893 ad
1045 835 1146 911 caelos,
1166 836 1283 895 reducta

190 912 220 971 iu
247 934 343 998 eorpus
366 919 477 997 anima,
508 919 578 978 abiit
605 921 784 979 sanctissima
805 921 929 998 deipara.
972 920 1050 995 qnod
1074 920 1158 977 etiam
1177 918 1283 981 Latina

189 998 300 1061 ecclesa
318 1004 422 1062 senine
441 1004 569 1103 videtur,
589 1024 661 1082 quae
676 1006 721 1064 die
743 1006 784 1070 15
798 1003 922 1082 Augusti
944 999 1222 1082 usmurptiouomb.
1196 1003 1284 1080 orgi

189 1084 233 1141 nis
248 1084 301 1141 sol
290 1090 359 1145 mni
381 1090 553 1149 caeremonia
573 1091 710 1168 celebrat,
736 1091 849 1149 tametsi
868 1091 906 1148 de
924 1089 1090 1165 dormitione,
1118 1094 1213 1146 utrum
1232 1109 1282 1147 eo-

189 1168 255 1225 dem
275 1168 315 1225 dia
334 1192 372 1231 au
392 1173 488 1249 aliquo
506 1177 691 1254 praecedente
710 1175 858 1252 acciderit,
876 1174 945 1233 nihil
963 1174 1058 1233 tradit
1099 1171 1195 1231 Latini
1219 1174 1283 1251 qui-

189 1252 255 1309 dam
274 1257 465 1336 martyrologi,
488 1264 522 1317 ut
551 1260 615 1319 Ado
636 1266 666 1318 et
683 1259 847 1338 Usnardus,
872 1260 1067 1328 dormitam,
1097 1276 1155 1316 non
1175 1278 1284 1317 αιιιιιιι-
1345 1315 1360 1342 ‚

185 1341 301 1413 ptionem
320 1338 482 1420 iuligitant3
508 1344 585 1406 euius
613 1364 699 1403 causa
726 1346 827 1403 acriter
850 1344 882 1403 in
903 1344 966 1401 illos
996 1343 1117 1419 insurgit
1142 1342 1282 1400 Batonius

188 1439 262 1479 auno
284 1422 464 1506 redemptoris
490 1426 550 1506 48,
586 1447 691 1506 eosque
720 1436 857 1507 provocat
880 1431 918 1486 ad
940 1428 1133 1504 antiquissima
1159 1426 1282 1486 Romani

188 1506 378 1584 martyrologii
389 1513 525 1591 vestigia,
551 1513 599 1571 ubi
613 1533 672 1572 non
692 1514 816 1603 dormitio
834 1514 886 1571 sed
905 1516 1049 1589 assumptio
1070 1512 1189 1589 legatur.
1231 1531 1281 1569 ve-

187 1591 262 1651 niam
282 1592 332 1649 det
350 1610 469 1669 maguus
485 1597 636 1656 Annalium
657 1582 801 1675 eorlditor,
831 1598 856 1655 si
876 1599 946 1672 quid
965 1597 1061 1655 dixero
1076 1617 1129 1674 pro
1149 1598 1282 1675 supradi-

118 1694 121 1699 ·
187 1677 239 1733 etis
256 1676 454 1754 martyrologis.
496 1681 655 1742 Romanum
674 1683 903 1760 martyrologium
923 1683 1047 1740 omnium
1066 1682 1183 1739 aliorum
1198 1687 1283 1739 vetu-

187 1760 356 1839 stissimum,
384 1781 465 1841 saepe
485 1786 503 1825 a
527 1768 653 1826 Baronio
674 1769 864 1827 desiderabam
892 1768 944 1826 sed
969 1768 1099 1845 nuspiam
1125 1771 1283 1845 repertum,

187 1863 278 1921 nuper
298 1845 410 1906 demum
428 1853 518 1911 studio
539 1852 680 1911 Heribeati
700 1852 852 1929 Rosweydi
864 1852 955 1910 nostri
967 1852 1139 1929 publioetmn
1150 1857 1180 1909 et
1189 1850 1284 1909 Paulo

187 1930 214 1986 V
235 1930 359 2008 pontifici
378 1934 497 1991 maximo
513 1938 686 2015 inscriptum,
706 1937 797 2015 hoc,
790 1954 914 2013 mquam,
932 1937 1161 2013 martyrologium
1177 1936 1216 1999 15
1233 1936 1282 1993 die

177 2012 310 2089 ”Augusti
329 2014 402 2077 hanc
425 2018 629 2096 umcriptionem
644 2025 783 2101 praefert,
814 2023 844 2079 S.
862 2022 968 2079 Mariae
987 2021 1117 2081 dormitio
1160 2020 1185 2075 si
1208 2024 1281 2094 ergo

186 2098 368 2178 martyrologi
390 2102 429 2160 illi
456 2104 623 2181 primaevum
650 2108 704 2165 hoc
730 2106 876 2165 Romanae
901 2105 1032 2163 ecelesiae
1050 2103 1280 2177 martyrolog‘um

185 2186 274 2241 secuti
294 2192 378 2262 sunt,
400 2187 469 2283 quid
488 2190 660 2267 peccarunt?
698 2210 750 2249 nee
766 2192 880 2266 muum,
899 2190 966 2265 quia
985 2191 1092 2246 forsan.
1099 2187 1153 2244 illis
1172 2206 1280 2245 aarum·

182 2273 240 2346 ptiu
260 2270 390 2347 deiparae
409 2256 473 2331 culn
492 2292 608 2351 corpore
626 2281 656 2333 et
678 2278 775 2334 anima
786 2281 846 2334 tam
863 2274 970 2351 liquida
989 2292 1048 2330 non
1061 2271 1115 2329 suit
1128 2289 1212 2345 quam
1225 2290 1279 2331 uo·

186 2353 229 2411 bis
246 2360 291 2412 est
310 2356 410 2433 hodie,
438 2357 503 2431 quia
522 2360 624 2418 veritas
645 2360 779 2437 paulatim
801 2360 891 2437 magis
908 2363 995 2433 atqua
1011 2357 1101 2433 magis
1122 2357 1227 2414 eruitur
1247 2360 1282 2414 et

174 2439 353 2517 elucidatur,
372 2441 413 2499 ita
432 2448 464 2499 ut
485 2443 562 2517 quod
578 2444 715 2521 prioribus
731 2446 848 2504 saeculis
865 2442 1099 2502 obscuriuseulum
1112 2440 1282 2517 habebatur,

99 2574 102 2581 ,
184 2523 214 2581 id
236 2526 357 2602 posteris
379 2528 551 2604 temporibus
569 2528 645 2589 clara
663 2530 694 2587 iu
713 2531 774 2589 lnce
792 2535 952 2607 reponatur.
994 2527 1102 2595 accedit
1121 2527 1199 2600 quod
1219 2523 1282 2581 Ra-

184 2608 274 2668 banus
295 2615 324 2668 et
344 2609 488 2671 Notkerus
509 2613 539 2674 iu
558 2614 616 2673 suis
635 2615 840 2691 martyrologiis
857 2612 1044 2691 appellatione
1064 2610 1147 2668 hodie
1167 2608 1281 2667 Latinis

184 2700 318 2762 consueta
340 2701 471 2757 utantur:
500 2699 578 2775 apud
598 2703 748 2775 utrumque
768 2701 843 2760 enim
863 2698 940 2774 leges
958 2699 1102 2772 commptio
1120 2696 1144 2753 b.
1168 2693 1282 2753 Mariua

183 2782 322 2854 goritricir
341 2780 399 2853 dei,
419 2789 453 2839 ιιι
470 2786 500 2839 et
520 2783 597 2859 apud
616 2783 730 2843 Bedarn.
773 2802 877 2859 quare,
906 2788 938 2857 ut
958 2781 991 2841 in
1008 2781 1136 2838 semitam
1155 2784 1282 2836 reverta-
1337 2817 1346 2831 .

182 2883 262 2939 mur,
285 2864 473 2930 beatissimam
493 2867 628 2942 virginem
647 2870 747 2924 eodem
764 2870 810 2923 die
826 2873 966 2925 mortuam
985 2865 1125 2942 sepultam
1134 2869 1192 2929 eta
1204 2882 1282 2921 mor-

183 2949 239 3005 tuis
256 2952 403 3007 excitatam
419 2970 482 3009 cum
503 2950 674 3010 Graecorum
694 2950 819 3009 Menaeis
836 2951 984 3026 medianus,
1004 2950 1068 3007 licet
1087 2948 1280 3007 Damascenus

182 3034 423 3095 resuscitationem
449 3036 533 3093 tertio
561 3036 673 3094 demum
700 3037 736 3095 ab
760 3036 840 3096 obitu
861 3036 906 3092 die
926 3040 1033 3091 statuat
1049 3034 1079 3090 in
1099 3033 1225 3091 oratione
1243 3032 1283 3089 de

181 3118 378 3217 assumptione
400 3120 428 3176 b.
451 3117 565 3181 Mariae
607 3123 719 3181 tametsi
748 3121 918 3199 probabilius
944 3120 991 3175 isti
1017 3136 1103 3193 quam
1131 3116 1177 3173 alii
1202 3116 1282 3191 apud

182 3202 316 3279 Bedam,
331 3204 379 3277 qui
399 3204 618 3283 assumptionem
638 3206 769 3285 deiparae
791 3207 828 3263 ad
848 3210 869 3269 9
890 3204 1020 3261 calendas
1042 3200 1198 3274 Octobres,
1225 3199 1282 3256 boc

182 3292 228 3345 est
244 3287 281 3345 ad
303 3286 344 3351 24
359 3287 432 3345 diem
452 3288 640 3367 Septembris,
661 3290 802 3366 referunt,
822 3290 862 3346 ita
881 3294 914 3345 ut
933 3288 1007 3344 inter
1027 3290 1146 3343 mortem
1164 3281 1282 3343 eius15

182 3370 315 3447 Augusti,
337 3389 410 3445 quae
423 3374 477 3430 fuit
498 3374 588 3451 prima
608 3376 781 3453 assumptio,
801 3390 901 3449 nempe
921 3370 1073 3429 secundum
1087 3368 1217 3443 animam,
1236 3367 1282 3425 in-

182 3456 360 3517 tercesserint
376 3458 567 3533 quadraginta
581 3459 641 3516 dies
661 3476 750 3533 usque
772 3458 840 3514 dum
859 3456 951 3515 anima
972 3474 1036 3513 cum
1049 3472 1167 3531 corpore
1181 3470 1280 3508 rursus

182 3541 377 3618 conglutinata
395 3544 545 3604 resurrexit
565 3543 712 3618 coelosque
733 3542 842 3621 petivit
883 3559 979 3598 verum
996 3540 1065 3598 haec
1088 3538 1163 3596 omui
1182 3536 1282 3594 verisi
1379 3539 1381 3544 '

182 3627 338 3685 militudine
356 3633 463 3705 carent,
483 3634 513 3687 et
530 3630 713 3687 adversantur
733 3633 793 3685 tam
812 3625 931 3686 Latirrse
951 3644 1036 3700 quam
1052 3623 1177 3681 Graecae
1192 3622 1282 3686 eccle-

181 3714 258 3784 siae;
279 3716 410 3789 recteque
430 3718 512 3771 notat
532 3713 695 3771 Beronius
687 3732 717 3769 m
732 3711 931 3793 martyrologio
952 3709 1081 3768 Romano
1094 3709 1133 3767 ad
1147 3709 1221 3766 diem
1238 3703 1280 3768 15

183 3797 306 3875 Augusti
324 3796 394 3855 illud
416 3799 452 3855 de
468 3800 591 3856 secunda
605 3798 795 3876 assumptione
816 3815 879 3855 esse
895 3796 1093 3854 assumendum
1109 3812 1168 3851 uon
1188 3811 1207 3849 a
1223 3790 1281 3847 Be-

183 3884 237 3960 da,
266 3884 354 3941 seda
369 3882 443 3941 mala
459 3883 588 3981 quapiam
607 3902 699 3941 manu
741 3901 794 3939 nec
813 3882 987 3939 cousuetudo
1008 3879 1211 3937 Germanomm
1228 3874 1281 3931 tri-

183 3969 315 4027 cesimum
334 3972 495 4046 assumptae
514 3967 628 4045 virginis
649 3966 846 4026 celebrantium
866 3966 1021 4041 quidquam
1034 3964 1107 4022 hanc
1120 3958 1279 4041 persuasio·

184 4071 248 4110 nem
274 4054 364 4111 iuvat.
392 4072 449 4112 non
474 4052 548 4111 enim
567 4054 597 4110 id
619 4053 726 4111 faciunt
747 4052 828 4127 quasi
848 4052 987 4109 tricesimo
1008 4051 1120 4107 demum
1140 4047 1185 4102 die
1204 4042 1280 4098 redi-

181 4138 246 4197 viva
264 4137 295 4195 in
315 4138 406 4198 caelos
423 4136 546 4197 exaltata
563 4138 662 4216 fuerit,
690 4137 742 4195 sed
759 4138 828 4195 totis
848 4135 901 4193 illis
917 4135 1033 4214 tn'ginta
1054 4132 1151 4190 diebus
1172 4144 1280 4185 assum

183 4222 273 4301 ptio'
265 4241 295 4282 m
315 4223 422 4285 caelum
441 4222 538 4285 statim
558 4242 576 4285 a
595 4228 686 4285 morte
704 4223 964 4283 iactadecantatm.
1007 4216 1108 4277 Graeci
1121 4215 1328 4290 nouagunt
