3075 4867
368 347 371 354 .
446 238 895 378 ,moommcsn'n
977 216 995 284 '⁵
1168 286 1242 360 aas

132 446 196 570 ‘¹13ss
212 443 479 571 pnqiffiptu,
493 443 564 517 scel
581 403 632 520 s.
647 441 867 520 tolotana
886 441 1063 519 omma,
1079 449 1108 506 ur
1123 449 1182 521 ros·
1193 449 1244 508 ite·
1285 412 1288 421 ¹
1315 555 1317 560 Ι

208 619 245 674 ib.
261 635 288 672 v.
307 619 348 674 18.
364 615 428 687 περὶ
445 620 502 674 scis
518 618 625 688 ooqsois
643 619 772 673 hleursius
791 617 899 673 erudite.

212 704 248 757 ib.
265 716 293 757 v.
309 705 353 760 20.
367 703 585 774 καβαλλαρίκιον
602 705 777 773 catadromuq
795 705 943 760 domitasse
962 720 1054 774 mona,
1071 706 1191 776 manage.
1220 706 1248 762 in

143 772 261 848 palatio,
277 769 360 826 idest
376 771 403 824 in
420 789 497 826 areae
514 783 598 846 parte.

212 876 238 928 p.
250 857 323 912 aov.
336 857 362 911 7.
389 863 539 946 stragalqssn
556 857 704 946 epbs'ppicm
723 861 764 911 est
781 853 909 942 colysqpa.
945 857 1206 944 LeouGrammaticns
1222 859 1250 912 in

142 925 564 1065 dtltidlttiiatttt
577 923 909 1067 “ittttt‘lttttt
934 917 964 982 ⁸⁹
980 945 1020 1001 o
1038 927 1184 998 carosam
1200 927 1260 982 '⁰⁴⁵⁸

230 1084 297 1144 ibid
334 1085 539 1165 osoaooiiosu]
560 1087 601 1147 ita
615 1085 838 1164 legendnmloeo
852 1083 925 1141 illius
943 1082 1125 1156 concutias,
1257 1089 1294 1158 'P
1310 1100 1363 1160 205

214 1179 280 1235 ibid.
298 1179 483 1250 mazoeum]
510 1197 617 1249 sensus,
636 1199 686 1236 non
709 1182 781 1235 vocis
805 1197 883 1234 sonus
908 1180 1050 1236 venandae.
1085 1179 1258 1238 suasoriisos'

146 1250 249 1320 quidem
266 1249 374 1302 Latinae
387 1251 511 1319 scopatae
526 1267 591 1304 sono
608 1251 704 1317 simile,
728 1259 758 1304 at
770 1267 850 1304 sensu
867 1251 908 1303 lon
929 1268 944 1302 e
961 1249 1101 1318 semotum,
1124 1269 1181 1304 cum
1209 1271 1257 1324 op-

181 1321 257 1374 sitam
280 1319 336 1374 iere
358 1318 474 1372 animalis
495 1326 593 1390 partem
612 1322 727 1385 referet,
752 1327 859 1390 tergum
901 1319 908 1334 ⁸
926 1319 1003 1374 elicet
1019 1337 1052 1373 sc
1068 1322 1132 1374 istos
1149 1323 1256 1378 lumbos.

146 1337 307 1455 {imaum
323 1387 416 1456 vulgus
431 1389 544 1458 protem
568 1390 710 1460 dequibus
732 1389 820 1444 Simon
843 1388 964 1456 Portiusr
990 1385 1149 1454 Eraoe'srocla
1176 1385 1258 1458 oripo·

147 1453 263 1526 striqssos
281 1456 334 1509 sori
348 1455 457 1524 ἵππου,
480 1463 584 1528 tergam
609 1459 687 1529 eqai3
711 1475 759 1512 nos
777 1457 806 1512 lo
824 1475 918 1527 croups
936 1458 972 1510 du
989 1459 1090 1512 obeunt.
1125 1460 1257 1532 Hierony-

148 1542 205 1579 mus
221 1527 365 1578 Germanus
379 1525 406 1577 in
423 1526 608 1581 Italo-Graeco
626 1527 803 1580 vocabulario:
830 1529 860 1580 ia
883 1544 987 1597 groppc
1010 1527 1053 1581 dcl
1076 1531 1195 1599 cavallo,
1218 1524 1255 1584 eol

148 1591 320 1660 sesamae.
355 1600 446 1648 auctor
467 1613 546 1665 porro
572 1613 695 1666 equorum
718 1596 822 1662 comiti,
844 1595 916 1664 regio
941 1612 1007 1665 equo
1029 1596 1166 1662 insidenti,
1189 1613 1256 1651 nnn-

185 1679 226 1717 am
243 1669 324 1716 toturn
341 1662 488 1746 ephippiom
505 1665 620 1732 sagulum
638 1665 671 1719 sd
690 1682 775 1719 armos
792 1671 818 1718 et
836 1665 928 1718 collum
952 1679 1049 1734 usque,
1072 1666 1119 1719 sed
1143 1667 1175 1719 ad
1201 1685 1256 1720 me-

168 1733 217 1785 iam
233 1737 332 1786 tautum
348 1731 461 1814 ephippii
476 1733 561 1787 sedem
578 1734 707 1788 substerni
730 1734 838 1794 scribits
863 1733 932 1802 quod
955 1734 1031 1788 etiam
1056 1751 1072 1788 a
1097 1735 1258 1807 pedissequis

150 1800 255 1854 honoris
262 1816 331 1922 prgp
346 1799 461 1856 dominos
477 1818 556 1856 causa
573 1803 688 1858 ridemus
704 1803 847 1868 observari,
864 1803 886 1856 si
904 1803 1055 1874 quandoque
1070 1803 1164 1860 heriles
1176 1822 1256 1876 equos
1326 1812 1332 1827 '

151 1886 260 1923 couscen
279 1884 311 1919 an

235 1943 271 2000 ib.
285 1959 312 1998 v.
328 1939 377 2001 10.
399 1941 605 2020 osoasopimoo
615 1941 759 2000 verticum
775 1941 930 2021 Glossario‚
951 1943 1052 2022 locum,
1067 1944 1166 2020 inquo
1183 1951 1257 2004 stra-
1335 2005 1342 2019 ,

151 2033 198 2086 tor
213 2026 412 2106 imperatorem
427 2025 457 2082 in
475 2044 579 2102 equum
600 2027 745 2087 sublevare
755 2027 830 2087 solet
836 2050 845 2102 ;
866 2030 921 2088 nisi
935 2030 1023 2089 mavis
1037 2026 1155 2088 reddere
1166 2029 1258 2090 locum
1294 2097 1296 2101 ,

151 2113 181 2170 in
196 2130 254 2188 quo
269 2110 335 2186 eqni
352 2114 523 2173 sternuntur.
1197 2155 1201 2162 .

220 2207 286 2261 ibid.
312 2212 455 2260 stratorum
475 2208 547 2264 locon
567 2210 595 2261 et
620 2207 698 2261 statio
721 2213 763 2260 est
786 2207 997 2276 «suessulanus,
1024 2225 1076 2261 non
1100 2209 1124 2262 is
1150 2225 1200 2279 quo
1223 2209 1260 2268 illi

153 2277 290 2333 sublevant
301 2274 481 2346 imperatorem
497 2276 525 2329 io
540 2293 648 2347 equum,
664 2271 786 2345 πὲζευμα
802 2277 853 2332 iam
872 2279 905 2332 ab
924 2283 1028 2331 anctore
1043 2283 1173 2333 vocatum.

221 2363 257 2417 ib.
273 2378 301 2416 v.
322 2361 363 2416 14.
381 2361 548 2430 ephippiati-ic
563 2363 638 2433 pilo,
663 2379 716 2432 qna
739 2363 899 2434 apprehense
917 2361 1002 2416 exsilit
1019 2379 1099 2432 eques
1111 2363 1138 2417 in
1158 2377 1261 2434 equum,

155 2439 197 2487 est
213 2426 386 2500 sopsoiosoc,
410 2430 481 2500 quod
497 2432 532 2484 sit
548 2430 662 2502 ephippii
678 2427 804 2500 κόμπος,
829 2431 861 2484 de
886 2448 937 2501 qno
955 2447 1043 2502 supra.
1079 2441 1261 2487 annumeratur

154 2518 218 2554 vero
235 2499 374 2570 ephippio,
392 2505 422 2552 ot
436 2500 462 2552 in
479 2499 578 2554 comitis
596 2517 719 2570 equorum
735 2501 775 2554 ins
792 2510 923 2567 meumst,
951 2517 982 2553 ao
1001 2500 1069 2572 qnod
1088 2519 1120 2555 ex
1138 2519 1201 2556 anro
1220 2503 1263 2556 la·

155 2570 222 2642 pillis
237 2575 329 2622 ornato
348 2567 439 2622 confici
453 2569 559 2624 soleret.
591 2568 729 2638 asciscis
743 2569 857 2638 sovqois
876 2569 970 2624 dictum
988 2578 1029 2623 est
1045 2570 1114 2625 alibi.

144 2660 148 2669 “
239 2659 276 2718 ib.
289 2678 314 2718 v.
330 2657 379 2721 15.
407 2658 471 2735 lego
496 2660 622 2736 τουφοῖν
637 2677 690 2738 pro
706 2651 901 2740 φορούντων,
922 2658 966 2720 vei
984 2661 1127 2740 qomodo,
1146 2661 1182 2720 de
1205 2681 1270 2740 quo·

158 2745 214 2803 iam
227 2760 315 2822 supra
332 2743 415 2816 satis,
438 2763 462 2800 c
476 2740 505 2804 4.
1261 2795 1268 2810 .

239 2847 276 2908 ib.
298 2863 323 2903 v.
345 2848 392 2909 18.
422 2845 458 2902 de
476 2843 635 2923 Theophilo
652 2844 719 2922 imp.
742 2845 876 2905 acerrimo
889 2845 1059 2906 iconoclasta
1074 2846 1137 2926 lege
1156 2848 1263 2910 Cedre-

157 2951 225 2992 num
244 2931 385 2989 Zonaram
405 2929 567 2989 Manassem
587 2929 714 3006 Glycam.

225 3027 289 3081 ibid.
319 3023 458 3092 Θεόφιλον
481 3025 561 3094 φασί]
585 3026 717 3094 diffusius,
741 3031 770 3081 at
793 3028 820 3082 in
846 3028 952 3082 eandem
983 3032 1091 3082 mentem
1114 3038 1204 3085 narrat
1224 3031 1264 3084 hi·

159 3094 262 3151 storiam
279 3095 424 3148 cedrenms
442 3093 568 3149 diversam
587 3096 666 3150 hehet
684 3097 738 3148 beo
756 3098 945 3153 Grammaticus
962 3097 989 3152 iu
1006 3097 1163 3168 Theophila.
1199 3117 1263 3154 oon-

160 3168 229 3219 ieret
245 3170 380 3232 utrumque
395 3162 494 3232 lector,
512 3164 556 3217 ubi
573 3163 615 3218 hic
630 3164 711 3218 lucem
730 3167 871 3237 aspexerit.

245 3271 274 3332 p.
289 3252 329 3314 81
346 3269 372 3310 r.
387 3253 416 3315 8.
437 3251 595 3311 racharium
604 3255 773 3314 vestiarium.

229 3348 294 3404 ibid.
328 3347 479 3404 omticsiasr
501 3356 557 3414 est,
585 3351 654 3404 sicut
677 3359 706 3404 et
729 3350 902 3422 {imssciocosa
934 3353 964 3404 nt
988 3349 1148 3410 nihilominus
1175 3351 1265 3406 subin·

162 3419 271 3474 dicatum
287 3417 322 3470 ab
339 3423 446 3470 auctore
462 3417 596 3473 discrimen
611 3421 679 3474 inter
695 3428 831 3490 utrumque
848 3423 1029 3484 observemus,
1048 3419 1180 3474 dicendum
1199 3416 1266 3491 dou·

178 3493 275 3555 αρεῖον
293 3503 351 3541 esse
368 3486 576 3542 cubiculariorum
592 3489 716 3543 conclave
732 3491 766 3542 ad
783 3506 884 3544 sacrum
907 3488 1058 3542 cubiculum.
1092 3489 1164 3542 lavet
1186 3508 1266 3560 syno-
1324 3485 1332 3504 ’

161 3509 210 3611 ius
229 3555 379 3610 Florentius
401 3555 497 3608 ultimis
521 3575 586 3625 pene
609 3559 712 3622 verbis,
738 3574 804 3628 quae
826 3575 876 3611 uon
901 3557 929 3610 in
950 3573 1024 3611 sacro
1041 3557 1157 3611 cubiculo
1176 3560 1220 3612 sed
1239 3561 1266 3613 in

162 3627 278 3681 conclari
295 3624 435 3689 viciniore,
461 3621 491 3676 is
506 3626 547 3696 τῷ
566 3621 719 3695 §concutio
738 3629 790 3681 sori
814 3621 960 3699 βασιλέως,
990 3627 1107 3680 Graecos
1130 3629 1266 3699 pontifices

164 3705 233 3750 tomo
252 3694 351 3747 unionis
366 3692 556 3748 subscribentes
569 3695 724 3750 manifestat.

245 3770 312 3828 ibid.
329 3760 436 3843 σπάθη
450 3768 556 3845 spotia,
569 3769 651 3827 ensis.
666 3767 826 3847 spatharius
840 3768 937 3847 ensifer
946 3768 991 3830 vel
1001 3770 1115 3840 satelles,
1131 3788 1269 3850 σωματο-

164 3847 271 3932 φύλαξ.
291 3852 552 3932 protospathsrius,
570 3855 675 3933 primus
685 3854 759 3913 inter
772 3853 943 3934 spatharios,
955 3855 1268 3934 spatharocandidatos.

165 3931 572 4018 σπαθαροκουβικόυλάριος,
591 3941 747 4019 spatharius
774 3941 964 4000 cubicularius.
993 3941 1142 4020 spathatus
1165 3943 1270 4020 spatha

165 4026 296 4082 munitus.
318 4026 438 4094 σπαθία
454 4024 589 4101 spatiolo.
619 4025 778 4100 dequibus
800 4026 864 4084 vide
891 4024 1046 4084 Meursium
1066 4034 1096 4086 et
1115 4025 1270 4104 Rigaltium

165 4110 195 4166 in
213 4108 372 4166 Glossariis.
390 4128 425 4166 ex
438 4108 556 4186 dialogis
577 4111 607 4169 S.
625 4110 755 4188 Gregorii
766 4129 825 4169 non
836 4111 951 4188 ignotus
962 4117 1006 4170 est
1024 4113 1185 4191 spatharius
1196 4111 1270 4188 regis

168 4193 288 4252 Totilae
309 4200 340 4252 et
353 4195 431 4270 apud
445 4195 594 4274 nonnullos
615 4195 773 4256 Germanos
788 4196 1005 4258 intrumentum
1019 4197 1164 4274 quoddam
1181 4197 1272 4258 sosso-

166 4280 238 4339 rium
253 4282 297 4339 ein
309 4279 397 4359 cpotlr.
923 4317 926 4323 -
