3075 4867
236 264 312 337 ιοο
396 264 677 334 caursemer
693 262 828 334 coam
840 212 1203 335 couurmamus'

231 424 674 494 tiumhh‘uteriaeroaolinioe,
699 442 755 499 qne
776 420 1012 499 Ιμροτλσιισιτόο
1030 422 1335 499 κοιτιῖκατότιατρι.

231 497 304 566 κόν,
327 494 377 550 sui
392 492 554 562 προσπεσόν
570 492 608 559 ὦς
624 498 717 566 λῆθεν
733 494 886 567 θρηνήσων
902 492 1065 566 ὑφαιρεῖται
1082 494 1179 569 λάθρᾳ
1196 498 1247 567 τῆς
1264 494 1335 554 ἐκεί-

232 582 288 619 κοο
302 561 395 635 gnada
409 561 460 620 cdv
475 567 668 649 eppupwrn‘pn
685 563 852 649 δοκτόλιουτ
876 572 931 619 tnm
954 566 982 619 in
1006 566 1216 650 hlodoulandnti
1232 568 1336 624 loannis

231 634 1336 773 ammaeent‘ntltamummaum

231 773 326 825 amulo
341 771 473 841 signatore
488 774 617 839 τιτροῖται
632 766 765 843 όβελίσκφ
781 768 815 827 τό
831 760 899 843 οὖς,
914 770 964 827 sal
978 770 1082 842 κρόκης
1097 766 1269 843 ἐξαφθείσης
1283 796 1334 846 κη-

231 836 282 909 ρός
296 840 496 925 περιπλασθελς
510 837 739 924 τολἍτόροοίκοο
757 842 964 929 σφραγιστηρίςο
979 835 1173 927 ἐνσημαίνεται
1184 842 1333 929 όακτυλίφ.

358 894 793 1032 mmm...
804 912 1067 1033 aarum
1080 914 1333 1049 maren

229 984 488 1119 iliriilnea
500 997 615 1116 ’,ίηοο
649 1048 718 1099 rue
740 1049 828 1102 maa
845 996 1024 1103 &medeam
1039 1000 1232 1118 amabar
1255 1050 1335 1117 mua

231 1126 321 1169 eustos
336 1118 406 1169 fores
422 1117 478 1170 eius
492 1117 520 1169 in
537 1134 588 1184 quo
608 1116 741 1187 reponitur
756 1116 808 1170 loci
825 1119 963 1180 obruunt,
981 1117 1014 1171 nd
1031 1118 1089 1171 illes
1106 1117 1195 1182 sedet,
1211 1128 1334 1184 moratur,

230 1185 337 1251 vigilat,
359 1193 389 1237 et
404 1202 451 1253 pro
470 1185 645 1237 excubitorum
663 1203 733 1238 more
748 1186 825 1239 etiam
845 1202 959 1241 somnum
978 1186 1063 1255 capit,
1086 1182 1334 1255 παρακοηιόμεκος

229 1254 281 1377 λῆς
290 1250 572 1394 εσθφεὲὃόιυθηῖμωὲςτίίτ
588 1257 747 1325 agarenae
763 1254 883 1323 σολίελοο,
899 1255 971 1311 merl
987 1256 1084 1310 οτοσείί
1095 1257 1228 1326 aaran,
1245 1258 1333 1327 garde

313 1448 342 1509 p.
356 1433 377 1493 9
390 1449 418 1488 v.
435 1429 484 1495 14.
518 1428 682 1488 Praefectus
712 1445 764 1487 seu
792 1428 935 1489 accubitor
956 1429 1086 1509 cubicum
1113 1388 1334 1507 aliqui'addunt

228 1516 319 1591 τουτί,
332 1521 434 1594 utpote
448 1516 629 1595 imperatorii.
647 1515 732 1574 hodie
743 1514 774 1573 in
786 1514 856 1576 aulis
869 1523 1007 1577 vocantur
1026 1518 1230 1591 bannalem,
1241 1537 1330 1577 came-

228 1603 315 1675 rani,
335 1601 426 1659 aureis
439 1599 563 1660 clavibus
575 1600 728 1682 conspicui.

297 1714 363 1770 thid.
400 1716 506 1785 exponit
523 1715 706 1771 Constantinus
721 1714 859 1769 Μεοοκιοτ
874 1708 1051 1783 πορόκοιτοο
1072 1712 1123 1769 παλ
1146 1712 1260 1785 φόλακα
1282 1717 1334 1785 τῆς

233 1780 372 1853 βασιλείου
400 1785 510 1854 κλίνης,
543 1786 591 1838 sub
620 1784 692 1837 cuius
716 1784 885 1854 dispositione
908 1790 983 1838 mant
1010 1779 1156 1851 πρόκριτοι
1183 1782 1233 1837 καλ
1261 1802 1331 1852 προ-

231 1850 367 1919 φύλακες,
390 1852 424 1904 de
440 1854 532 1923 quibus
548 1854 672 1919 Nicetes,
698 1852 743 1923 qni
767 1855 916 1906 anteferes
935 1854 1095 1906 excubabant
1113 1860 1141 1907 et
1154 1854 1333 1923 imperatorem

231 1920 419 1974 custodiebant.
453 1918 484 1975 ol
506 1918 558 1990 plo
580 1917 633 1991 γὰρ
656 1918 893 1990 σωματοφύλακες
906 1919 955 1975 καλ
971 1919 1129 1989 δορυφόροι
1145 1918 1261 1975 ἅποθέυ
1275 1940 1334 1976 που

229 1988 283 2041 τοῦ
297 1988 441 2059 βασιλικοῦ
454 1992 588 2053 κοιτῶνος
606 1987 708 2051 νυκτός
728 1987 922 2059 κατηόκαζου,
944 1991 981 2043 ait
1003 1992 1049 2043 ille
1064 1992 1092 2043 in
1109 1992 1255 2044 Andronico
1271 1994 1288 2045 l.
1305 1995 1334 2049 2.
1395 2041 1403 2053 ,

229 2071 293 2127 ergo
308 2058 353 2111 isti
368 2059 489 2128 propius,
506 2061 541 2113 ad
557 2062 628 2115 iores
643 2061 761 2113 nimirum
776 2060 899 2143 principis
914 2076 946 2113 ec
961 2060 1035 2113 iuxta
1050 2061 1208 2127 cubiculum,
1228 2061 1271 2129 qui
1283 2063 1334 2115 hae

229 2127 263 2179 de
285 2144 363 2182 causa
384 2133 545 2182 κοιτοουῖται
568 2145 585 2182 a
609 2130 698 2182 Leone
720 2130 896 2181 Grammatico
923 2135 951 2182 et
973 2127 1120 2195 πρόκριτοι
1137 2146 1154 2181 a
1171 2130 1274 2183 Zonara
1291 2129 1331 2182 di-

227 2196 361 2249 canturio
378 2196 515 2267 Theophili
532 2198 602 2266 mia,
619 2214 637 2249 n
653 2198 749 2251 Niceta
765 2198 794 2249 in
810 2196 907 2249 loanne
925 2196 1056 2250 conanum
1074 2194 1187 2251 nlnldtor
1205 2196 1253 2251 nal
1263 2194 1331 2265 πρό-

225 2264 371 2331 κοιτοι,ἰι
388 2265 547 2334 'lheophane
562 2266 591 2319 in
607 2266 747 2319 Iustiniana
768 2261 998 2336 κουβικουλοίριοι
1019 2263 1069 2319 καὶ
1091 2262 1265 2333 madidatos:
1288 2283 1331 2318 ar-

225 2329 289 2385 mati
305 2334 400 2415 qnippe
416 2336 515 2404 spathis
531 2352 632 2389 mernor
649 2334 794 2387 cubiculum
810 2335 993 2391 observabant.
1026 2352 1081 2387 eam
1098 2337 1133 2387 ob
1150 2353 1205 2388 rem
1222 2336 1330 2400 somnio,

224 2402 293 2471 quod
309 2402 430 2455 rnteritus
448 2404 497 2455 tuit
511 2404 656 2468 oraculum,
680 2402 820 2455 exterritus
841 2401 981 2457 Mauricius
1005 2403 1072 2473 apud
1090 2404 1272 2473 Theophanem
1290 2403 1333 2456 dr-

223 2468 371 2533 υπυισθελς
385 2466 497 2525 ἐκάλεσε
513 2466 564 2524 τότ
580 2468 832 2539 τορακοιμοίμετου
849 2466 955 2539 αὐτοῦ,
984 2478 1014 2527 ut
1038 2473 1083 2542 uui
1108 2472 1245 2525 dormienti
1259 2472 1332 2544 prin-

224 2539 276 2609 cipi
292 2538 365 2593 iuxta
380 2556 472 2594 nornen
488 2541 610 2593 excubiae
627 2556 707 2609 agens
724 2542 871 2597 manumet

307 2648 342 2705 ι’λ.
355 2664 382 2704 v.
398 2646 447 2710 15.
479 2642 644 2724 Logotheta
668 2644 765 2703 aerarii
788 2642 939 2725 generalis]
970 2645 1013 2705 ita
1039 2646 1125 2704 vertit
1155 2644 1331 2705 Glossarium

222 2729 482 2790 Graecoharbarum
505 2729 752 2807 accumulamus,
773 2730 909 2806 logotheta
929 2724 1111 2810 pudla'caerea'.
1132 2730 1218 2807 longe
1234 2732 1329 2810 aptius

222 2832 309 2891 quam
322 2816 460 2893 interpres
480 2815 595 2877 Ioannis
613 2815 803 2894 Cnropalatae
817 2816 957 2894 historici,
979 2816 1023 2874 cui
1042 2815 1219 2893 Nicephorus
1234 2815 1251 2880 ὁ
1266 2810 1329 2879 dno*

220 2903 348 2981 γενικῶν
363 2905 408 2958 est
424 2900 590 2979 Nicophanes
611 2921 630 2959 a
652 2903 768 2959 Genieir.
788 2900 927 2978 interpres
952 2900 1024 2958 luris
1042 2900 1099 2971 GR
1120 2907 1267 2961 curatorem
1282 2920 1330 2977 ge·

220 2986 279 3045 aiei
291 2983 431 3063 indigitat.
452 2984 571 3045 Wolfius
587 2985 673 3043 vertit
685 2986 850 3060 generalem,
871 2982 1018 3062 absolute,
1043 2990 1072 3043 et
1088 2987 1234 3061 generalem
1252 2986 1328 3063 logo-

222 3070 337 3143 thetam,
364 3070 430 3145 quia
455 3070 583 3131 Zonaras
606 3070 637 3128 in
657 3070 775 3147 imperio
798 3067 894 3127 Irenes
917 3076 948 3128 et
971 3070 1152 3129 Constantini
1173 3070 1221 3129 filii
1244 3070 1328 3129 Nice-

221 3154 344 3235 phorum
357 3151 477 3235 γενικόν
494 3152 661 3237 λογοθὲτηυ
677 3152 811 3231 appellat.
844 3153 989 3213 Theodori
1005 3155 1178 3214 Metochitae
1192 3158 1329 3214 maximus

222 3241 406 3299 encomiastes
420 3247 466 3300 est
478 3235 654 3319 Nicephorus
675 3239 818 3315 Gregoras
836 3238 865 3296 in
879 3258 932 3297 sua
946 3239 1078 3316 historia,
1096 3241 1245 3319 praecipue
1260 3240 1277 3299 l.
1296 3245 1327 3316 7,

169 3335 174 3348 ·
220 3342 282 3383 non
305 3325 403 3403 procul
423 3326 522 3387 ahoe
548 3328 594 3388 hic
613 3324 783 3385 Metoehitcs
811 3322 897 3384 eh‘am
918 3324 1001 3383 huius
1023 3324 1186 3404 logothetae
1213 3344 1328 3385 munere

222 3411 338 3469 saumas
351 3418 405 3471 est.
963 3414 965 3419 '

293 3501 481 3577 ὁλογοθίτης
503 3509 556 3562 τοῦ
578 3509 699 3578 praeunti]
725 3508 808 3562 lucem
833 3506 883 3561 ribi
908 3509 1018 3559 mutuam
1041 3507 1182 3560 accendunt
1205 3506 1255 3560 hae
1278 3524 1327 3561 vo-

221 3591 276 3629 ees.
312 3573 427 3629 Γευικόυ
450 3577 524 3630 Ιοοοτ
547 3584 586 3631 est
609 3578 701 3649 cpoli,
732 3594 783 3646 quc
817 3574 858 3629 ius
885 3576 1038 3629 tributorum
1060 3576 1162 3641 ¹subditi
1191 3577 1326 3629 exsolvunt

220 3648 248 3695 et
272 3645 447 3712 negotiatores
477 3646 617 3714 vectigalia
639 3654 765 3716 pensant,
791 3662 866 3715 quem
896 3646 1012 3697 Zonaras
1041 3645 1253 3715 periphrastinaic
1290 3640 1326 3698 roi

219 3706 322 3781 ἀρχεῖα
337 3710 403 3775 τοὺς
419 3711 593 3783 φορολόγους
607 3716 857 3784 λογοπρακτοόοτα
878 3713 983 3785 scripsit
1004 3714 1030 3766 in
1048 3715 1218 3767 Constantino
1236 3715 1325 3779 Ducn;

219 3782 255 3833 de
273 3796 324 3850 quo
343 3780 475 3836 cedrenus
491 3784 519 3835 in
536 3785 645 3837 Basilice
667 3784 716 3839 καλ
731 3780 772 3845 είς
788 3778 820 3837 τό
838 3780 985 3852 λεγόμενον
1004 3779 1120 3837 Perinde
1137 3778 1241 3837 κατιόυ
1258 3777 1323 3845 corle

219 3847 472 3919 εἰσπραττομένους
488 3845 600 3907 london
616 3848 695 3921 παρὰ
711 3853 763 3905 τοῦ
780 3852 934 3921 δημοσίου,
959 3846 998 3921 μή
1015 3848 1072 3905 nod
1088 3870 1130 3913 τις
1145 3848 1251 3913 ἀδίκως
1268 3848 1321 3905 slo-

218 3914 387 3989 πράττοιτο,
415 3918 464 3974 καλ
487 3916 577 3983 οὕτως
599 3926 660 3983 τοῖς
682 3916 877 3988 όδιιιουμὲυοις
904 3917 1035 3989 ἐπήμυνε.
1070 3928 1097 3974 et
1115 3922 1268 3974 decendens
1286 3921 1322 3972 ad

219 3988 363 4057 Genicum,
391 3989 493 4046 οττοτλί
514 3994 615 4056 eedem,
643 4009 685 4045 coe
702 3991 749 4059 gui
761 3992 796 4043 ab
812 3992 912 4043 οοτστίί
927 3990 1053 4043 ministris
1070 3992 1216 4059 uectigalia
1234 3992 1324 4058 exige·

218 4065 324 4125 rentur,
348 4076 380 4111 ne
396 4060 454 4127 ριιίι
470 4061 536 4129 quid
551 4063 647 4114 initote
661 4062 835 4130 permiserat,
863 4061 1060 4129 speculabatur,
1090 4076 1121 4111 aa
1137 4062 1181 4113 ita
1197 4057 1324 4111 iniuriam

216 4129 304 4195 puteis
319 4128 509 4197 opitulabatur.
542 4125 650 4199 γευικός
672 4128 766 4181 exinde
789 4128 897 4198 portarii
921 4126 1137 4197 vectigaliumque
1154 4136 1257 4182 eractm·
1274 4134 1324 4193 est,

218 4205 249 4249 ut
265 4195 349 4263 aiunt,
364 4200 508 4268 generalis.
542 4199 635 4253 Sniduo
652 4215 680 4250 u.
715 4193 843 4259 Γευικόςι
856 4192 1030 4259 Ἀυαοτοίσιος
1041 4192 1323 4268 βασιλεόςῬωμαίου

217 4258 391 4333 αἰσθόμενος
405 4263 509 4339 στολὴν
525 4267 702 4339 Σαρακηυῶυ
720 4260 852 4337 ἔρχεσθαι
868 4260 941 4321 κατὰ
968 4266 1018 4353 τῇς
1039 4260 1161 4335 πόλεως,
1189 4260 1323 4333 Ἰοοίυυηυ
