3075 4867
218 263 290 335 136
375 259 583 330 GRETSERI
597 258 653 325 ET
668 256 802 329 Goaul
817 252 1150 325 COMMENTARIUS

216 430 368 489 mutandae
388 431 486 502 erant,
506 424 638 484 adiuvare
657 428 688 482 et
710 421 827 480 induere
844 437 903 478 una
920 439 986 480 enm
1012 418 1251 478 bierumnuncne:
1269 418 1312 476 uic

216 516 290 572 enirn
303 514 423 570 Ioannes
444 511 564 568 Citn'us:
607 508 819 568 br'eromuetuum'a
836 507 957 584 officium
977 499 1105 586 διακάνμ
1124 503 1155 578 ἐξ
1177 498 1312 584 άνάγκης

217 595 382 679 προσήκει,
407 590 510 672 ἐπειδή
532 588 741 674 συνυπουργός
767 583 857 663 οὗτός
878 589 939 652 ἐστι
960 592 1003 673 τῷ
1016 589 1196 671 κανστρισίῳ
1217 590 1261 663 εἰς
1280 583 1315 651 τά

217 679 405 761 περιτιθέναι
420 675 477 760 τήν
497 675 581 754 ἱεράν
601 675 710 752 στολὴν
726 679 767 756 τῷ
790 668 924 755 άργιερεῐ
940 673 1076 754 μέλλοντι
1097 673 1313 752 ίεροπρακτεῖν.

218 769 315 841 itaque
329 768 464 824 cauctta‘au
476 763 544 822 nihii
558 762 633 820 aliud
648 762 759 820 videtur
769 761 814 818 iric
823 779 885 818 esse
899 778 985 835 quam
996 758 1157 818 vestiarium
1170 777 1221 818 seu
1236 759 1314 816 lours

219 853 338 910 vestium
352 867 511 925 sacrarum,
531 854 561 905 et
576 850 637 926 ipsc
654 848 812 908 cumtrisius
834 845 903 904 nihil
926 844 1003 902 aliud
1021 862 1107 919 quam
1128 843 1153 901 is
1172 844 1222 921 qui
1240 844 1315 904 inter

220 936 359 1015 palatinas
373 935 524 1012 dignitates
540 931 696 1010 appellatur
709 933 859 988 vestiarius.
899 929 955 987 fuit
977 929 1049 989 etin
1061 927 1190 986 Romana
1202 927 1318 986 ecclesia

221 1019 366 1098 peculiaris
387 1021 509 1078 vestiarii
536 1017 658 1092 diguitas
678 1020 710 1073 et
731 1015 867 1090 officium,
886 1020 920 1074 ut
947 1033 982 1072 ex
997 1012 1146 1072 Anastasio
1163 1013 1318 1073 Bibliothe-

223 1105 297 1163 caric
318 1096 402 1162 doc'et
418 1101 590 1179 Onnphrius.
631 1101 666 1159 In
683 1098 889 1178 Turcograecia
913 1098 961 1158 fol.
980 1099 1043 1162 285
1060 1099 1161 1156 dicitur
1182 1098 1320 1177 κανστρί·

225 1207 307 1260 σιος,
323 1192 372 1266 μοι·
384 1191 416 1247 ia
428 1188 544 1262 liturgia
559 1191 628 1246 tenet
649 1181 684 1248 τὰ
704 1178 867 1267 κάνστρισν
879 1187 940 1245 τῶν
953 1177 1174 1262 θυμιαμάτων,
1189 1183 1258 1262 quod
1271 1201 1321 1259 cgu

224 1273 371 1332 turibulum
394 1275 563 1350 interpretor,
582 1270 675 1344 inquit
695 1276 800 1328 auctor.
842 1274 873 1328 at
894 1269 1007 1326 inscite:
1030 1269 1094 1346 quis
1110 1268 1184 1326 enirn
1197 1285 1322 1342 unquam

224 1357 333 1414 audivit
346 1349 508 1440 κάνστριον
522 1373 584 1413 esse
596 1354 770 1414 turibulum?
789 1353 843 1414 uisi
854 1355 928 1415 forte
942 1354 1027 1412 etiam
1040 1354 1191 1414 canistrum
1203 1353 1241 1411 sit
1252 1352 1323 1409 turi-

198 1480 203 1493 ·
223 1441 337 1500 bulum:
353 1459 418 1498 narn
438 1460 456 1500 a
478 1443 594 1499 cuur‘strn
607 1458 658 1498 seu
674 1440 838 1498 diminutivo
850 1442 979 1499 murteta
999 1439 1033 1497 iit
1046 1440 1180 1498 cmutriou
1190 1457 1242 1517 per
1254 1454 1324 1513 syu-

225 1545 333 1604 copen‚
352 1526 483 1601 idemque
497 1530 542 1583 cst
559 1523 636 1600 quod
649 1518 775 1600 κάνεον,
790 1530 933 1582 ουιιλτοαλε
946 1527 1073 1598 κανοάν,
1086 1525 1128 1584 ita
1139 1527 1173 1580 ut
1188 1521 1325 1600 κανστρί·

228 1627 294 1683 στος
307 1611 415 1686 integre
431 1612 468 1669 sit
488 1609 705 1684 κανιστρίσιος,
724 1609 875 1688 praefectus
889 1612 1015 1668 causina
1027 1627 1077 1670 eeu
1094 1610 1225 1677 cuuiatr05
1246 1606 1324 1666 cuius

229 1696 431 1772 praefecturam
444 1694 570 1753 extendit
587 1711 699 1768 quoque
711 1692 808 1751 Iunius
823 1695 860 1751 ad
870 1698 1020 1773 penariam.
1061 1697 1092 1751 at
1107 1692 1206 1769 nobis,
1227 1697 1258 1750 et
1271 1690 1326 1768 ipsi

229 1780 315 1838 etiam
326 1779 453 1856 veritati,
473 1779 524 1835 nisi
543 1777 639 1855 fallor,
660 1778 748 1836 satius
771 1779 882 1836 videtur
899 1782 1038 1838 cumtriait'
1055 1778 1177 1837 officium
1196 1776 1326 1841 vestiario

229 1863 467 1940 circumscribere,
488 1868 518 1926 et
538 1866 652 1922 canduit
666 1863 780 1922 nomme
796 1862 865 1922 nihii
883 1864 959 1922 aliud
982 1864 1106 1940 accipere
1130 1880 1215 1938 quana
1235 1861 1327 1926 lucium

230 1949 278 2006 ubi
292 1953 384 2007 vestes
399 1947 571 2027 pontificales
585 1947 815 2025 asservabantur,
831 1968 888 2006 uno
901 1948 988 2008 verbu
999 1953 1163 2008 aestimata.

300 2079 327 2130 p.
340 2059 359 2114 4
374 2079 403 2114 υ.
422 2063 465 2116 16.
493 2056 690 2130 καυστρήνσιος
704 2077 823 2130 qnoque,
840 2079 889 2114 nec
905 2079 956 2113 uon
973 2059 1147 2128 sacratumve
1157 2056 1328 2130 ελιιαστρήν-

232 2143 292 2192 σιος
306 2130 429 2196 scriptnm
446 2131 576 2201 reperies,
599 2147 630 2182 ac
647 2147 693 2200 pro
707 2131 785 2183 variis
798 2131 907 2183 Graecis
918 2132 1107 2182 characteribus
1118 2130 1217 2182 Latinis
1228 2147 1331 2200 quoque

233 2198 306 2250 varie
321 2199 455 2251 redditum.
489 2216 579 2252 sensus
591 2199 751 2268 requiratur,
767 2197 812 2251 ubi
830 2200 874 2251 ria
892 2199 963 2252 iuvat
979 2200 1121 2252 character.
1154 2198 1332 2266 κανστρίσιον

233 2260 292 2319 άπὸ
310 2268 362 2319 τοῦ
377 2267 527 2334 κανστρίου
544 2268 636 2320 dictum
648 2268 738 2331 vide03
754 2264 903 2335 κάνστριον
920 2286 982 2320 vero
999 2268 1071 2338 panis
1081 2267 1210 2320 benedicti
1222 2272 1330 2336 tuuccru,

233 2336 275 2386 vei
286 2335 372 2404 potius
382 2337 448 2388 turis
459 2337 583 2398 arculam,
599 2337 641 2388 vel
652 2335 761 2405 denique
773 2341 912 2390 canistrum
921 2337 1072 2406 recipiendis
1083 2337 1242 2406 patriarchae
1251 2336 1334 2390 vesti-

235 2405 284 2454 bus
296 2405 411 2456 iduueum
422 2405 592 2472 interpretor:
609 2407 717 2459 κανοῦν
732 2407 798 2458 enim
814 2406 880 2457 idem
898 2406 968 2474 quod
979 2401 1112 2458 πινάκιον
1121 2406 1252 2458 vasculum
1262 2405 1334 2476 apud

236 2472 373 2538 Nicctarn,
391 2489 438 2542 pro
449 2473 696 2527 variirlectionibus.
729 2475 858 2528 Aiiatiaua
877 2476 917 2543 (et
927 2476 970 2542 Μ)
987 2474 1021 2526 dc
1036 2475 1206 2529 caustrcnsici
1234 2469 1334 2528 ὅκου-

235 2537 380 2610 στρὴνσιος
395 2536 538 2596 άλλάσσυν
556 2543 597 2612 τῷ
621 2537 749 2610 άργιερεῖ
766 2539 819 2610 τὴν
841 2538 930 2596 αὐτοῦ
954 2539 1071 2611 στολήν,
1095 2544 1208 2613 κραταῑγ
1227 2537 1261 2596 di
1283 2538 1335 2597 aab

235 2603 287 2662 τὸν
304 2612 345 2660 du
366 2605 445 2662 ιατὸυ
462 2604 494 2662 ἐν
509 2611 545 2680 τῇ
561 2610 731 2682 λειτουργίᾳ,
755 2614 805 2667 καὶ
819 2606 870 2666 τὸν
886 2605 959 2676 άέρα
981 2613 1083 2680 (velum
1102 2610 1190 2665 calicis
1209 2618 1237 2664 et
1255 2611 1334 2676 disci)

237 2671 269 2728 ἐν
285 2678 321 2746 τῇ
339 2629 418 2742 ibere
432 2673 520 2732 αὐτοῦ
534 2680 622 2748 χειρί,
648 2675 783 2746 ῥαντίζων
806 2678 853 2732 καλ
875 2676 908 2734 τά
930 2674 1008 2749 ὕδωρ
1035 2678 1075 2742 είς
1092 2674 1144 2734 τὸν
1159 2675 1231 2734 tadu
1247 2675 1277 2734 ἒν
1292 2679 1335 2735 aa

237 2745 372 2816 catadupi
383 2727 477 2818 λίμνφ,
499 2749 609 2814 κρατῶν
625 2744 658 2804 db
672 2747 722 2802 aci
738 2745 772 2803 τὸ
789 2745 921 2819 κιβώτιον
936 2750 993 2803 τῶν
1016 2743 1188 2819 άραμάτιιν,
1214 2730 1337 2815 κάθιζ’·

239 2829 323 2881 μενος
339 2810 388 2866 καί
405 2811 445 2878 είς
461 2810 513 2878 τάς
526 2817 634 2883 κρίσεις.

324 2919 535 2997 Refereudan’us
550 2942 569 2981 ιι
587 2921 720 2999 referendo
740 2899 975 2982 nomen‘trahens
997 2922 1082 2982 hodic
1099 2925 1184 2984 etiarn
1202 2923 1233 2984 in
1250 2924 1339 2984 eccle-

240 3003 300 3060 siae
325 3021 378 3060 usu
405 3011 514 3064 manet:
549 3007 713 3066 mittebatur
744 3026 779 3065 ex
815 3009 907 3067 officio
930 3009 968 3066 ad
991 3009 1186 3088 imperatorem
1213 3008 1267 3072 aui
1295 3011 1341 3085 τίς

241 3087 335 3168 μέγαν
342 3084 489 3165 άρχοντα.
529 3091 601 3150 male
615 3092 710 3149 Iunius
728 3093 764 3151 ad
778 3093 935 3152 sacerdotem
952 3099 1113 3154 υιοσίιιιυιιιε
1129 3115 1196 3155 narn
1220 3092 1341 3179 άμὲγας

241 3168 342 3252 άρχων
355 3175 478 3252 dignitas
491 3182 553 3234 erat
564 3176 704 3255 palatina,
717 3183 751 3237 ut
763 3176 868 3236 clarum
877 3198 912 3238 ex
924 3179 986 3259 ipso
1000 3180 1111 3238 Codino
1125 3200 1150 3239 c
1168 3187 1197 3245 2.

311 3297 348 3353 ib.
366 3299 449 3354 v.17.
488 3297 593 3352 suidas:
616 3293 830 3366 ὁεφερευδάριος
841 3294 999 3368 Ῥωμαϊκὸν
1015 3295 1123 3369 άξίωμά
1139 3293 1229 3368 ἐστιν,
1249 3293 1341 3370 ἤγουν

243 3358 414 3433 άναφορεάς.
449 3365 557 3421 Nicetas
573 3368 599 3422 in
616 3369 704 3421 Alexio
722 3371 846 3421 secuudor
869 3370 921 3421 τοῦ
936 3365 1111 3439 πατριάρχου
1127 3371 1284 3431 στείλαντος
1299 3367 1342 3430 είς

243 3429 296 3499 τὴν
317 3431 470 3490 δέσποιναν
493 3432 544 3492 τάν
564 3429 666 3492 ἑαυτοῦ
693 3433 855 3507 άπηράτην,
875 3432 908 3500 ὃς
928 3431 961 3490 ἐκ
983 3439 1036 3490 τοῦ
1057 3435 1225 3510 προβάλλειν
1248 3436 1288 3500 είς
1303 3433 1341 3491 τά

243 3506 344 3588 αργεΐα
366 3502 415 3558 καλ
435 3503 659 3576 διαπορθμεύειν
681 3512 742 3570 τοῖς
764 3507 901 3578 βασιλεῦσι
924 3501 960 3560 τά
985 3503 1124 3575 βουλητὲα
1140 3504 1189 3562 καί
1205 3501 1256 3570 τάς
1269 3502 1343 3560 άιιο-
1399 3529 1403 3535 ·

244 3587 346 3634 κρισεις
363 3565 474 3626 ἐκεῖθεν
491 3566 577 3637 αὖθις
592 3569 756 3644 μεταφέρειν
779 3579 933 3638 παλατῐνος
955 3568 1123 3644 ὠνόμασται.
1159 3576 1302 3628 ΑΙΙαλίουοι
1324 3572 1342 3628 ὁ

245 3632 460 3705 ῥοφερενᾶάριος
475 3637 710 3712 άποστελλάμενος
731 3641 772 3706 είς
788 3641 939 3714 (ἄρχοντας
954 3641 1004 3697 καί
1021 3645 1061 3712 Μ)
1078 3639 1213 3713 μεγάλους
1229 3640 1346 3710 diripui·

244 3721 317 3788 πγυς
328 3704 476 3776 μηνύματα
487 3707 568 3778 παρά
582 3713 622 3780 τῷ
637 3708 763 3782 άργιερεῖ
774 3708 919 3785 ἐγγράφως
936 3711 986 3768 ναὶ
1001 3708 1136 3784 άγράφεος
1150 3711 1241 3785 φέροι,
1256 3715 1348 3768 καθα·

243 3771 357 3843 ξομευος
375 3775 424 3830 καί
439 3775 479 3840 είς
496 3775 546 3844 τάς
562 3781 673 3849 κρίσεις.

328 3884 364 3942 ib.
385 3905 411 3943 v.
437 3884 485 3947 18.
517 3883 893 3971 ὅάπομνηματογράφαν]
921 3889 1023 3949 Latine
1042 3909 1061 3949 a
1079 3893 1270 3950 commentariis
1294 3907 1347 3948 seu

245 3973 496 4042 commentariensis,
514 3972 658 4031 scribendis
672 3979 863 4034 commentariis
877 3977 1046 4056 praefectus,
1068 3977 1117 4051 qui
1131 3975 1248 4035 Graecis
1261 3974 1349 4034 etiam

243 4050 562 4134 άπομνηματογράφος
584 4064 613 4116 et
635 4060 870 4138 κομενταρίσιος.
911 4080 978 4118 nom
1042 4061 1126 4121 officii
1152 4079 1221 4120 nou·
1235 4066 1349 4120 tautum

243 4137 420 4198 ecclesiastici
434 4143 485 4198 sed
501 4147 531 4201 et
551 4143 672 4222 politici,
693 4145 793 4203 saltem
807 4147 884 4222 apud
902 4144 989 4205 Latin
1027 4187 1037 4221 ,
1060 4147 1096 4204 Oe
1114 4115 1172 4220 qbo
1185 4146 1275 4205 multa
1291 4145 1350 4204 Ba-

243 4227 339 4285 runiuu
353 4229 390 4286 ad
405 4227 589 4306 Martyrolog.
600 4235 667 4290 tom.
682 4231 724 4294 27
737 4231 784 4288 die
797 4232 901 4292 Martii.
913 4231 1076 4292 Bonefidius
1089 4233 1175 4291 vertit
1187 4233 1349 4292 οιλνοσίοιιι.
