3075 4867
512 360 570 427 DE
596 359 777 430 osrlcns
801 362 861 431 GP.
885 364 970 431 CAP.
996 364 1022 432 Ι.
1293 367 1315 437 5

316 528 364 597 Ἦ
376 530 462 620 τρλτη
482 530 600 613 πεντάς.
636 531 653 600 5
676 528 868 623 ἱερομνήμων
889 538 933 615 εἰςΙ
953 537 989 603 τὸ
1010 537 1132 621 βλέπειν
1151 538 1208 616 τὰς
1227 536 1317 621 εύχάς

216 631 354 701 άτιισθεν1
366 644 422 702 τοῦ
441 636 619 725 ἀρχιερέως,
640 646 760 727 κρατῶν
778 640 832 705 τὸν
850 642 1072 728 ἒνθρονιασμὸν
1088 644 1140 707 καλ
1156 641 1191 708 τὸ
1207 638 1315 709 κοντά-
1331 647 1355 702 Β

216 766 284 805 κιον
306 745 362 825 τῆς
380 743 577 828 χειροτονίας.
678 738 695 807 5
717 744 764 809 ἕπλ
780 750 841 809 τῶν
856 741 1006 830 γονάτων,
1032 745 1201 832 κρατῶντό
1215 748 1318 831 ἐπιγο-

217 840 322 907 νάτιον
342 848 399 909 τοῦ
418 842 589 931 ἀρχιερέως.
689 842 706 910 5
730 847 778 910 tut
800 853 861 913 τῶν
882 847 1013 931 δεήσεων
1028 849 1189 935 ἀπέρχεται
1206 851 1249 926 εἷς
1263 848 1318 915 τὸν
1335 893 1339 902 ·

187 957 207 1011 5
214 944 348 1027 βασιλέα
365 942 442 1034 ύπέρ
463 954 524 1014 τῶν
544 948 760 1031 ἀδικουμένων.
863 947 880 1015 5
900 952 947 1015 ἐπὶ
967 958 1028 1019 τῶν
1051 952 1199 1039 σεκρίτων
1219 953 1262 1029 εἰς
1281 950 1317 1017 τὸ

215 1046 324 1115 παύειν
336 1046 390 1115 τὸν
405 1051 479 1116 λαὸν
495 1052 542 1115 int
556 1050 591 1117 τὸ
602 1053 728 1139 κρίνειν.
830 1051 846 1120 5
869 1055 917 1118 ἐπὶ
934 1060 990 1140 τῆς
1005 1054 1091 1142 ἱεροῖς
1104 1052 1318 1133 καταπόσεως

215 1154 260 1228 εἰς
275 1149 311 1218 τὸ
328 1161 424 1218 ποιεῖν
438 1154 576 1231 εύταξΙαν
589 1155 672 1232 ἐντὸς
686 1160 743 1222 τού
755 1153 906 1241 βήματος.

276 1252 287 1263 ’
313 1250 362 1319 ‘H
383 1254 514 1343 τετάρτη
537 1254 656 1336 πεντάς.
701 1256 717 1325 5
750 1257 989 1344 ὑπομιμνήσκων
1017 1263 1060 1338 ελς
1086 1260 1121 1328 τὸ
1147 1260 1357 1345 ἓνθυμλζεινλλ

214 1358 270 1423 τὸν
289 1356 429 1445 ἀρχιερέα
450 1367 613 1443 μυστικῶς.
714 1358 730 1427 5
747 1362 933 1440 διδάσκαλος
946 1368 1002 1430 τού
1012 1364 1183 1449 εὐαγγελίου
1189 1414 1200 1443 ,
1221 1363 1319 1451 ἑρμη-

170 1479 208 1533 10
217 1458 312 1527 νεύων
327 1461 412 1528 αύτύ.
514 1460 530 1530 5
548 1458 801 1543 (λιδάσκαλοςτοῦ
814 1465 1002 1547 ἀποστόλου,
1029 1465 1201 1553 ἑρμηνεύων
1217 1466 1319 1535 αὐτόν.

215 1561 232 1628 5
251 1562 438 1641 διδάσκαλος
451 1572 507 1631 τοῦ
522 1569 696 1653 ψαλτηρίου
710 1572 752 1647 εἰς
764 1570 800 1636 τὸ
812 1568 985 1659 ἑρμηνεύειν
996 1568 1082 1637 αύτύ.
1171 1568 1201 1659 ‘5
1216 1568 1318 1659 ῥήτωρ

216 1670 260 1745 εἰς
275 1666 310 1734 τὸ
327 1664 500 1754 ἑρμηνεύειν
512 1669 568 1748 τὰς
581 1667 714 1760 γραφάς.

313 1767 362 1836 ‘H
378 1772 499 1857 πέμπτη
523 1771 642 1852 πεντάς.
679 1770 814 1862 ὃάρχων
827 1776 889 1841 τῶν
900 1774 1127 1861 μοναστηρύων,
1151 1772 1228 1860 ἔχων
1239 1772 1318 1859 μετὰ

213 1878 272 1940 τοῦ
282 1871 414 1960 μεγάλου
430 1878 631 1961 σακελλαρίου
642 1876 696 1963 τήν
709 1885 770 1945 τῶν
783 1881 995 1966 μοναστηρύων
1006 1876 1124 1963 λνοχήν.
1225 1876 1242 1945 5
1256 1877 1315 1967 ἀρ·
1330 1896 1357 1951 Ι)

168 1994 205 2049 15
211 2002 278 2061 χων
290 1984 352 2043 τῶν
366 1972 541 2063 ἐκκλησιῶν,
563 1979 640 2063 ἔχων
652 1979 708 2063 τήν
722 1982 829 2066 ἓνοχήν
844 1989 905 2049 τῶν
920 1980 1086 2066 ἐκκλησιῶν
1098 1981 1177 2067 μετά
1190 1988 1246 2049 τοῦ
1259 2008 1319 2047 σα-

213 2083 345 2147 κελλύου.
446 2078 462 2146 5
480 2080 583 2169 ἀρχων
597 2090 654 2149 τού
668 2084 841 2170 εὐαγγελίου
856 2089 899 2167 εἰς
911 2086 947 2151 τὸ
965 2094 1086 2173 κρατεῖν
1100 2092 1191 2151 τοῦτο
1209 2088 1251 2163 εἷς
1263 2086 1319 2163 τὰς
1373 2156 1379 2159 ,

212 2180 310 2263 λιτάς.
413 2182 430 2249 5
451 2183 554 2271 ἀρχων
573 2193 633 2252 τῶν
652 2184 783 2273 φώτων,
809 2186 886 2272 λ’χων
907 2188 963 2270 τήν
985 2186 1091 2271 ἕνοχήν
1113 2195 1175 2253 τῶν
1199 2213 1321 2275 νεορω-

204 2291 333 2353 τίστων.
435 2284 452 2353 5
474 2287 577 2375 ἀρχιον
596 2295 657 2354 τῶν
678 2288 890 2374 ἀντιμινσύων,
915 2287 1044 2376 εἰσάγων
1058 2289 1131 2365 τούς
1145 2290 1318 2378 εἰσερχομέ-

211 2416 285 2468 νους
301 2394 343 2468 εἰς
358 2388 414 2473 τήν
428 2386 516 2475 ἆγεάν
530 2388 713 2476 μετάληψιν.
776 2447 782 2461 ,
1291 2446 1292 2450 ,

163 2511 205 2566 20
234 2577 237 2583 ,
313 2491 361 2559 Ἡ
377 2494 446 2577 ἕκτη
466 2492 585 2571 πεντάς.
620 2491 637 2560 5
666 2500 787 2583 πρῶτος
814 2491 984 2583 ὂστιάριος,
1019 2500 1140 2581 κρατῶν
1170 2492 1227 2572 τὰς
1253 2490 1317 2562 θύ-

213 2623 271 2687 ρας
299 2600 342 2675 ελς
367 2596 425 2675 τὰς
443 2584 638 2685 χειροτονίας.
740 2596 757 2662 5
782 2595 921 2685 δεύτερος
940 2594 1110 2686 ὀστιάριος,
1139 2603 1259 2686 κρατῶν
1281 2598 1316 2664 τὸ
1332 2615 1390 2672 Η

281 2774 423 2845 accone
438 2776 462 2829 P
480 2775 518 2845 (i.
537 2793 562 2831 e.
579 2774 663 2836 editio
679 2774 869 2848 Perisieusis),
886 2776 998 2846 κρατεῖν
1013 2793 1103 2847 margo

282 2928 393 2985 Tertius
406 2929 552 3001 quinarius.
580 2931 800 2987 hieromnemonis
813 2948 905 2986 munus
921 2936 964 2986 est
977 2948 1047 3002 pone
1060 2929 1237 3002 patriarcham
1252 2947 1315 3001 pre-

211 3014 259 3055 ces
280 2999 426 3069 inspicere3
452 3000 585 3071 habetque
607 3019 656 3057 sua
678 3004 708 3055 in
729 3009 864 3071 potestate
886 3001 1107 3055 enthroniasmum
1126 3008 1155 3054 et
1170 3000 1316 3055 mnmcinn

210 3086 261 3125 seu
277 3068 372 3123 librum
389 3068 574 3124 ordinationis.
676 3072 725 3143 qui
739 3090 755 3125 a
771 3071 884 3139 genibus
901 3079 962 3136 est,
976 3087 1026 3124 soa
1041 3070 1071 3123 in
1085 3076 1219 3140 potestate
1234 3069 1317 3124 nabat

210 3139 405 3207 supergenuale
440 3140 596 3196 atriarchae.
701 3143 854 3211 praefectus
870 3140 1016 3209 supplicum
1033 3140 1172 3210 precibus,
1197 3156 1245 3208 pro
1262 3138 1315 3191 iliis

211 3207 260 3277 qui
283 3206 379 3261 iniuria
401 3157 566 3279 afficiuntur,
593 3210 628 3265 ad
649 3208 834 3331 imperatorem
856 3209 968 3262 accedit.
1072 3207 1129 3260 eins
1147 3207 1194 3275 qni
1211 3215 1314 3261 secreto

211 3286 321 3346 praeest
337 3294 429 3331 munna
447 3284 550 3347 estut,
574 3280 635 3333 dum
650 3279 678 3332 in
696 3278 749 3332 icis
766 3279 911 3347 habentur,
937 3276 1061 3347 populum
1078 3276 1107 3329 in
1124 3275 1213 3328 officie
1228 3275 1317 3329 conti-

210 3352 286 3399 neat.
310 3358 313 3363 “
388 3348 539 3416 praefectus
555 3364 648 3403 sacrae
664 3347 787 3402 stationis
806 3347 866 3417 (qui
882 3345 1049 3402 moderandis
1064 3344 1181 3397 moribus
1195 3347 1315 3413 praeest)

211 3420 290 3467 curat
305 3418 334 3468 nt
350 3415 420 3469 intra
435 3434 539 3487 sacrum
554 3418 684 3488 tribunal,
709 3434 757 3472 seu
773 3418 845 3472 intra
862 3415 960 3486 altare,
986 3414 1092 3471 debitus
1110 3420 1138 3467 et
1154 3414 1315 3467 conveniam

211 3485 278 3538 ordo
295 3485 461 3539 observetur.

282 3552 400 3615 Quartus
417 3553 563 3623 quinarius.
591 3549 706 3609 monitor
721 3570 768 3609 sen
784 3558 925 3622 suggestor
941 3553 975 3607 ad
991 3551 1042 3606 hoc
1058 3550 1214 3607 constitutus
1230 3555 1272 3604 est
1284 3556 1316 3605 at

211 3620 379 3692 patriarchae
399 3623 481 3677 tacite
497 3632 621 3693 suggerat
639 3625 712 3680 etin
727 3624 878 3679 memoriam
894 3629 1013 3675 revocet.
1115 3622 1209 3674 doctor
1232 3636 1315 3673 evan·

211 3689 292 3760 getii,
316 3691 362 3761 qui
383 3690 573 3761 interpretatur
594 3693 669 3747 illud.
771 3693 865 3747 domur
880 3691 1008 3760 apostoli,
1033 3688 1080 3759 qui
1095 3688 1165 3745 illius
1180 3690 1315 3758 interpres

212 3764 265 3812 est.
368 3760 463 3815 doctor
478 3761 599 3831 psalterii
615 3761 742 3835 psalterio
757 3760 920 3834 explanando
940 3760 1097 3815 destinatus.
1200 3757 1316 3822 rhetoris

212 3844 306 3883 munus
325 3835 368 3883 est
383 3829 529 3902 scripturas
544 3830 725 3903 interpretari.

284 3898 398 3961 Quintus
422 3899 568 3969 quinarius.
596 3900 749 3972 praefectus
772 3897 938 3953 monasteriis
955 3895 1028 3965 gerit
1041 3912 1100 3950 cnm
1118 3912 1211 3966 magno
1228 3893 1313 3950 sacei-

211 3966 279 4021 lario
296 3970 511 4025 monasteriorum
528 3986 625 4027 curam.
727 3970 878 4040 praefectus
899 3965 1019 4019 ecclesiis
1043 3965 1210 4019 ecclesiarum
1225 3981 1314 4018 curam

211 4036 284 4105 gerit
299 4053 358 4091 cum
374 4046 495 4093 curatore
512 4040 613 4100 sacelli.
715 4040 868 4109 praefectus
885 4034 1022 4105 evangetio
1036 4041 1111 4087 tenet
1124 4034 1187 4087 illud
1203 4035 1236 4086 ad
1251 4050 1315 4115 pro:
1376 4038 1379 4043 ’

212 4105 348 4160 cessiones
365 4124 397 4160 ac
412 4106 528 4163 litanias.
650 4108 783 4162 reeiectus
803 4106 945 4161 luminibus
962 4120 1050 4160 curam
1067 4103 1148 4157 habet
1162 4119 1251 4155 eornm
1267 4118 1316 4172 qus

211 4190 298 4245 nuper
321 4175 474 4246 illuminati,
500 4178 551 4230 hoc
575 4182 617 4232 est
632 4128 784 4247 pbaptizati,
811 4183 882 4229 sunt.
985 4172 1137 4243 praefectus
1154 4169 1316 4225 antimensiis

212 4260 261 4297 eos
296 4244 323 4298 ui
339 4254 455 4299 sanctam
472 4248 675 4303 communionem
691 4248 831 4317 percipere
846 4244 937 4297 volunt
951 4241 1105 4296 introducit.

304 4320 380 4367 extus
403 4316 549 4385 quinarius.
579 4318 678 4388 primus
700 4316 826 4369 ostiarius
841 4315 914 4367 fores
931 4311 1064 4377 custodit,
1088 4310 1149 4363 dnm
1171 4307 1316 4363 ordinatio·

192 4399 262 4453 ,nes
279 4391 449 4453 peraguntur.
553 4388 681 4441 secundus
699 4385 824 4440 ostiarius
838 4391 913 4438 tenet
924 4378 1122 4449 monampnlum.
1225 4388 1317 4448 proto-
