3075 4867
294 287 368 358 ³06
452 285 663 355 GRETSERI
679 287 735 354 ET
755 284 889 352 60th
901 284 1236 354 COMMENTARIUS

294 451 419 534 ἁγίασον
439 446 472 512 τὸ
484 445 568 532 ὕδωρ
583 451 691 524 τοῦτο,
712 445 765 530 καὶ
787 443 841 520 δός
861 439 943 533 crispi
959 441 1022 526 τήν-
1045 441 1134 528 χᾶριν
1146 451 1202 529 τῆς
1214 444 1399 535 όιιολυτροό-

294 557 385 611 στοις,
406 533 463 612 τὴν
476 527 615 616 εόλοχίαν
628 539 684 596 τοῦ
695 527 855 616 Ἰορδάνου.
895 533 1026 612 ποίησον
1045 524 1118 596 adad
1136 527 1316 636 οἷφθαρσίας
1334 561 1398 617 πη-

293 619 368 703 χιίυ,
390 619 539 702 όχιασμοῡ
561 621 676 699 ἃιόρον,
703 612 925 699 ἆμαρτημόταν
938 611 1097 698 λυτήριον,
1126 638 1306 700 νοσηματοιν
1319 617 1395 684 εἷλε·

294 701 453 788 ξητήριου,
486 705 625 784 δαίμοσιν
649 697 804 789 όλὲθριου,
831 707 897 776 ταῖς
916 701 1065 777 ἐναντίαις
1081 702 1246 784 δυνάμεσιν
1263 699 1395 787 όττρόσι-

293 813 366 862 τον,
394 785 552 872 ἄγχειιιιῆς
578 783 682 870 ἰσχύος
703 787 956 869 πεπληρωμένον,
983 785 1169 864 inmaduere
1183 791 1216 852 oi
1228 783 1394 871 ἀρυόμενοι

293 875 346 938 οιαὶ
361 869 636 956 μεταλαμβάνοντες
649 873 743 952 ἔχοιεν
757 867 834 934 ου’τό
848 869 920 951 πρός
933 870 1126 953 καθαρισμὸν
1139 880 1246 955 ψυχῶν
1259 875 1310 938 καὶ
1328 895 1393 938 στο-

293 953 413 1041 μότοιν,
437 955 646 1039 condelectatus
658 961 792 1028 παθῶν,
817 954 893 1036 πρός
913 952 1075 1037 ἁγιασμόν,
1105 955 1180 1038 τορός
1194 963 1296 1023 πᾶσαν
1310 955 1394 1038 aiat·

292 1053 376 1110 λειαυ
391 1040 570 1123 ἐπιτήδειον.
611 1061 664 1102 nec
679 1044 709 1101 in
725 1043 790 1101 aula
802 1042 894 1100 solum
905 1043 958 1100 sed
978 1043 1054 1102 etin
1071 1042 1132 1101 aliis
1148 1045 1277 1103 omnibus
1299 1045 1393 1104 Grae-

292 1131 393 1188 canicis
407 1129 526 1187 ecclesiis
543 1147 619 1206 aqua
632 1129 686 1187 hoc
706 1129 752 1187 die
771 1127 1004 1206 benedicebatur,
1023 1128 1109 1188 etiam
1127 1131 1206 1209 apud
1223 1129 1392 1210 Aethiopas,

293 1216 342 1292 qni
365 1215 449 1272 hodie
467 1215 551 1272 undis
573 1232 631 1271 non
650 1213 735 1272 modo
759 1231 791 1270 se
812 1218 966 1291 aspergunt
979 1215 1032 1271 sed
1046 1217 1076 1270 et
1087 1214 1391 1292 penitusimmergunt.

292 1306 323 1358 et
343 1300 438 1358 fideles
457 1295 530 1358 circa
546 1299 666 1357 mediam
683 1303 809 1374 noctem,
828 1313 902 1374 quae
915 1298 1018 1356 festum
1030 1299 1190 1376 antecedit,
1210 1299 1247 1358 ob
1262 1319 1390 1372 maeren-

291 1386 362 1444 tiam
374 1385 507 1466 baptismi
521 1401 578 1458 quo
592 1383 716 1441 salvator
728 1389 825 1441 noster
837 1384 943 1445 tinctus
955 1389 1017 1458 est,
1035 1389 1172 1458 aquatum
1183 1384 1281 1462 ibant,
1302 1405 1390 1442 nnus-

291 1473 412 1546 quisque
426 1471 462 1528 ad
477 1468 588 1526 obvium
604 1468 657 1524 sibi
675 1467 784 1529 sontem
804 1469 894 1526 rivum
918 1474 971 1526 ant
991 1468 1123 1545 fluvium,
1142 1469 1186 1527 cni
1209 1488 1300 1545 aquae
1318 1471 1397 1536 dens

290 1554 365 1612 hanc
381 1554 603 1612 benedictionem
618 1552 790 1628 largiebatur
809 1559 843 1610 nt
857 1552 953 1628 multis
972 1554 1053 1610 annis
1070 1554 1235 1632 incorrupta
1255 1562 1390 1615 maneret.

292 1641 374 1698 testis
390 1638 514 1716 locuples
529 1637 612 1695 huius
625 1638 665 1696 rei
679 1639 709 1694 S.
723 1633 960 1714 chrysostomus,
982 1637 1057 1696 hom.
1071 1638 1107 1696 de
1120 1636 1270 1716 Baptismo
1284 1639 1391 1697 Christi

292 1731 360 1782 tom.
384 1724 403 1786 6
429 1741 546 1802 operum
569 1721 747 1780 Graecorum.
790 1727 820 1779 tn
843 1723 895 1780 bac
921 1722 1079 1781 solennitate
1108 1722 1304 1803 (epiphaniae,
1332 1741 1390 1798 qna

182 1805 206 1860 P
222 1805 275 1862 229
293 1809 393 1866 Graeci
414 1806 507 1890 μέγαν
530 1801 678 1888 ἁγιασμόν
697 1804 853 1886 celebrant)
876 1809 925 1866 sub
946 1809 1059 1866 meduan
1071 1815 1169 1866 nodam
1185 1820 1270 1868 omnes
1284 1807 1392 1886 όδρευ·

176 1904 180 1913 “
293 1888 419 1972 σόμενοι
442 1912 501 1951 ουοι
520 1911 619 1972 aquam
638 1894 802 1970 acceperint,
829 1892 933 1951 unum
955 1893 1049 1951 latices
1070 1893 1235 1975 reseruntac
1247 1893 1391 1952 rannus

291 1985 318 2039 ct
337 1997 385 2056 per
403 1981 538 2054 integrum
560 1995 659 2035 anuum
680 1983 851 2050 consonant,
876 1983 966 2054 utpote
978 1976 1052 2056 quod
1063 1977 1189 2037 lodicum
1204 1977 1249 2036 dic
1266 1979 1390 2055 scrutifi-

291 2069 370 2123 eatae
389 2067 445 2122 sint
460 2081 544 2142 σφισι
557 2059 624 2140 (per
634 2061 807 2140 baptismum
828 2061 936 2119 Christi
953 2063 983 2120 in
1001 2060 1151 2142 Iordane);
1168 2064 1258 2140 sitque
1271 2066 1389 2122 iniracu-

292 2147 348 2210 lum
363 2147 485 2222 euidens,
504 2145 567 2218 dum
579 2147 646 2206 nihil
660 2149 780 2226 temporis
793 2146 989 2225 longinquitate
1009 2166 1138 2224 aquarum
1156 2146 1268 2207 illarum
1287 2153 1390 2208 natura

291 2235 424 2306 odiatur,
445 2232 708 2307 retinemento,
738 2235 819 2308 cipite
830 2231 896 2290 adca
910 2232 1012 2290 biennio
1027 2237 1053 2288 ct
1069 2235 1182 2291 triennio
1199 2252 1291 2310 ισιμα,
1322 2251 1391 2311 quac

293 2317 369 2376 hodia
381 2317 444 2396 fuit
459 2318 573 2388 hausta,
590 2320 748 2394 incorrupta
766 2321 896 2375 atrocem
910 2321 1063 2393 permanet,
1084 2337 1118 2374 ac
1131 2322 1192 2396 port
1206 2323 1311 2376 uuun
1321 2325 1390 2379 tem·

288 2405 363 2481 poris
383 2421 441 2460 curn
462 2404 497 2460 iis
517 2420 585 2479 quac
607 2421 689 2478 nuper
707 2400 848 2478 succinte
866 2398 989 2477 sontibus
1008 2400 1117 2460 eductu
1135 2408 1227 2460 certat.
1267 2401 1336 2476 haec
1356 2402 1387 2459 S.
1504 2430 1505 2465 ι

292 2486 521 2564 chrysostomus.
563 2485 633 2560 quid
649 2505 719 2543 vero
738 2485 769 2545 S.
784 2481 962 2564 Epiphanius
977 2484 1084 2544 haeresi
1108 2485 1147 2548 51
1158 2485 1183 2544 l·
1215 2487 1287 2545 mira
1306 2486 1388 2545 nimi·

290 2589 371 2648 rum,
396 2590 431 2629 eo
451 2572 515 2650 ipso
536 2569 626 2646 festo,
653 2571 706 2629 hoc
728 2575 772 2628 est
791 2575 873 2629 sexto
893 2571 939 2630 die
955 2569 1088 2649 lanuuii,
1106 2570 1135 2628 in
1153 2572 1314 2630 memoriam
1335 2589 1385 2650 pa-

289 2655 359 2713 trati
379 2674 396 2712 a
411 2655 525 2716 Christo
538 2655 680 2732 miraculi,
702 2656 842 2731 quosdam
852 2657 947 2714 fontes
960 2661 1048 2733 atque
1068 2657 1139 2715 adeo
1158 2657 1252 2734 ipsum
1270 2658 1387 2715 lindum

289 2737 387 2796 Nilum
406 2737 478 2798 effici
497 2741 609 2799 vinosos
629 2759 680 2798 sen
701 2741 733 2799 in
749 2742 846 2800 vinnm
865 2742 944 2800 verti.
987 2743 1132 2801 audiamus
1155 2743 1250 2820 ipsum
1271 2743 1301 2800 S.
1314 2741 1386 2820 Epi-

289 2823 432 2901 phaninm.
475 2827 548 2882 circa
561 2827 647 2903 ipsam
661 2825 823 2886 undecimam
834 2824 952 2904 (mensis
971 2825 1065 2904 Tybi,
1088 2828 1136 2902 qui
1155 2834 1312 2888 estsextns
1332 2846 1385 2884 no-

288 2906 342 2966 stri
358 2905 493 2985 Ianuarii)
514 2915 574 2984 port
593 2928 678 2968 annor
699 2911 816 2985 triginta
832 2910 941 2988 sactum
962 2918 1001 2971 est
1019 2916 1134 2990 prinum
1147 2916 1253 2988 signum
1265 2917 1295 2972 in
1310 2910 1386 2971 Carta

291 2991 449 3064 Galilaeae,
472 2991 577 3068 quanda
596 3011 668 3070 apuu
685 2993 770 3071 sacta
789 3000 830 3052 ert
841 2989 940 3054 uinum
982 3003 1140 3076 quapropter
1156 3000 1236 3066 etiarn
1250 3001 1280 3056 in
1293 2997 1384 3056 uultis

288 3077 354 3135 lacis
371 3078 492 3153 usquein
506 3075 575 3134 hunc
588 3075 656 3134 dr'em
669 3076 717 3134 hoc
723 3078 780 3154 fit,
801 3077 943 3156 quodtunc
949 3079 1059 3158 factum
1073 3087 1127 3155 est,
1146 3081 1266 3141 ἀίυόινιιι
1278 3087 1383 3159 agnum

287 3163 318 3221 in
331 3163 506 3220 testimouium
520 3161 678 3235 incredulis,
700 3162 774 3222 uelut
792 3168 924 3222 testantur
939 3167 968 3223 iu
983 3166 1076 3230 multis
1089 3167 1155 3224 tucis
1167 3167 1259 3244 fontes
1275 3187 1310 3227 uc
1322 3169 1383 3245 flu-
1442 3191 1445 3197 ·
1504 3236 1505 3241 χ

286 3249 331 3304 vii
345 3249 375 3304 ιἰι
393 3247 484 3303 viuum
503 3248 639 3321 σοοοατιί,
665 3244 773 3326 Cibyres
796 3246 910 3326 puntiau
924 3251 998 3308 urbis
1022 3249 1118 3309 Cariae
1135 3251 1221 3332 sun,
1249 3272 1305 3330 (μισ
1318 3252 1381 3310 nou

287 3331 431 3389 hauserunt
452 3333 572 3390 natatui
595 3335 620 3388 et
641 3333 696 3408 ipre
718 3331 793 3390 dixit
818 3329 899 3391 “date
920 3328 1127 3393 orelu'trr'clino.”>
1168 3341 1284 3395 tutatur
1308 3343 1335 3395 et
1352 3341 1381 3394 in

289 3414 391 3473 Gerasa
414 3414 532 3474 Arabiae
550 3414 615 3493 suros
636 3416 765 3478 similiter.
806 3436 853 3476 noo
871 3418 982 3477 bibimus
996 3419 1028 3477 dc
1045 3420 1153 3499 Cibyrae
1165 3420 1258 3500 sante,
1279 3420 1382 3501 fratrea
1504 3422 1505 3489 l

287 3517 350 3556 uero
367 3501 451 3556 nostri
466 3499 499 3556 dc
513 3519 542 3556 co
557 3503 605 3578 ραι·
621 3506 661 3558 oet
675 3504 703 3559 in
718 3501 836 3576 (ἔννοια,
853 3505 882 3560 in
896 3508 1044 3581 martyrum
1057 3505 1161 3581 tempto.
1203 3505 1250 3565 red
1263 3505 1382 3581 etmulti

284 3584 316 3639 tn
328 3581 451 3658 Aegypta
464 3582 496 3639 dc
510 3580 576 3641 Nilo
590 3585 638 3642 hoc
652 3590 794 3644 testantur.
834 3593 892 3644 tres
911 3605 979 3664 ergo
992 3598 1081 3664 aquas
1093 3590 1237 3666 nominat,
1253 3608 1326 3666 quae
1339 3591 1381 3648 di·

203 3723 206 3730 ⁴
284 3670 331 3723 cto
345 3664 417 3723 festo
431 3666 460 3722 in
473 3666 567 3726 vinum
581 3665 743 3746 certantur,
772 3667 806 3748 1)
818 3666 926 3730 fontem
938 3673 1072 3750 Cibyres,
1099 3679 1131 3751 2)
1144 3677 1252 3733 fontem
1271 3676 1303 3734 in
1322 3675 1381 3734 Ge-

282 3767 365 3824 rasa,
385 3747 420 3826 3)
434 3745 538 3808 Nilum.
580 3771 642 3811 cum
660 3753 747 3829 igitur
766 3760 825 3812 tres
842 3757 890 3815 isti
904 3757 998 3816 fontes
1012 3759 1109 3817 vinoso
1122 3757 1224 3839 sapore
1236 3779 1380 3836 nunquam

283 3831 415 3891 fluxerint
432 3834 487 3892 nisi
497 3835 551 3894 hoc
564 3836 626 3915 die,
649 3837 835 3913 mansarum,
847 3841 880 3899 fit
893 3841 947 3899 hoc
960 3843 1122 3902 miraculum
1137 3864 1195 3902 non
1207 3863 1270 3903 esse
1283 3852 1380 3925 patra-

283 3923 345 3978 tum
361 3917 413 3974 nisi
433 3919 470 3976 ad
485 3919 662 3980 recolendam
677 3925 839 3982 memoriam
853 3921 913 3984 vini
933 3945 968 3984 ex
988 3947 1065 4004 aqna
1085 3949 1104 3988 a
1125 3929 1240 3988 Christo
1255 3932 1285 3988 in
1298 3930 1379 3990 Cana
1438 3979 1442 3986 .
1504 3930 1505 3933 ’

283 4000 427 4060 Galilaeae
440 4005 577 4080 producti.
619 4007 699 4064 etde
712 4007 756 4065 his
770 4009 1005 4088 tribusfontlbus,
1016 4012 1260 4089 inquitBaronius
1273 4018 1378 4078 tom.1
1504 4062 1505 4081 r

282 4105 358 4146 anno
375 4087 412 4149 31
431 4106 458 4145 u.
472 4087 531 4165 33,
551 4107 582 4147 se
594 4109 654 4150 non
666 4090 825 4152 meminisse
835 4094 922 4153 ullum
936 4097 990 4155 sibi
1001 4100 1182 4178 scriptorem,
1203 4101 1251 4175 qni
1270 4099 1379 4158 Christi
1504 4126 1505 4155 ι

282 4169 405 4234 natalem
419 4175 614 4253 antecesserit,
643 4175 746 4236 lectum
765 4197 842 4256 esse,
874 4182 922 4254 qui
942 4188 1062 4241 testetur
1076 4185 1148 4242 duos
1161 4185 1223 4243 illos
1236 4186 1331 4245 sontes
1347 4192 1378 4244 et
1454 4226 1459 4236 ·

280 4257 396 4318 fluvium
410 4255 507 4320 Nilum
520 4261 591 4322 verti
605 4260 634 4320 in
650 4263 751 4323 vinnm.
793 4264 839 4325 hic
851 4264 988 4327 illrutriss.
1001 4268 1115 4329 Baronii
1129 4271 1318 4332 conducticias
1329 4291 1378 4333 ca-

1276 4581 1299 4630 Ο
