3075 4867
258 285 331 364 154
418 287 630 361 GRETSERI
646 289 702 356 ET
722 285 855 358 GOde
868 285 1201 354 COMMENTARIUS

252 456 349 534 officio
372 454 587 533 domuticomm,
617 457 647 512 et
671 454 748 530 apud
770 443 913 512 Corlinum
937 472 961 511 ο
983 454 1004 516 7
1024 450 1057 514 bi
1072 453 1130 515 rori
1152 448 1357 533 dopeorrrrlou

244 539 439 622 ‘dopiorruom
459 547 490 599 et
508 560 531 598 c
547 540 567 604 5
587 540 784 616 δυμεσιίκιον.

254 671 354 776 aab}
367 652 693 790 iilulnlltt‘llb
708 647 1373 786 ltbtliibltll„titillabit.

253 810 302 846 σοι
325 785 357 845 ἐν
377 795 439 852 τοῖς
460 786 514 843 dria
535 794 632 858 χοροῖς
656 785 725 856 μετὰ
749 790 801 843 τοῦ
818 786 1041 856 υυυτσψοὶλιοο,
1067 784 1117 839 aul
1132 784 1286 854 ψάλλοντες
1302 802 1356 851 φο-

255 860 335 926 ροῦσι
351 854 531 928 counradum,
554 853 592 921 ola
606 852 821 927 πρωιοψιίλτης.
854 858 1001 912 domesticis
1019 856 1159 924 adiungunt
1175 851 1228 907 dio
1246 870 1357 924 nampi-

255 929 371 999 κῃοίους
382 921 544 996 irrupimus
559 922 628 997 parci
646 927 701 982 τῶν
715 926 897 998 bopardam·
914 922 1069 996 publicaria
1078 923 1128 978 aul
1139 919 1230 978 αὐτοί.

338 1033 404 1095 ibid.
420 1054 445 1092 v.
460 1037 489 1098 7.
513 1033 647 1108 Sequitur
669 1026 892 1111 λυυσυυᾶκτης,
913 1033 951 1095 ad
967 1031 1083 1093 verbum
1096 1030 1192 1120 populi
1203 1035 1358 1088 convocator

253 1125 480 1196 ctcougregulor‚
502 1117 584 1178 Iunio
599 1120 687 1194 cocio,
704 1118 848 1176 sednibili
859 1121 939 1176 cocio.
961 1117 1085 1177 eiusdem
1097 1115 1223 1174 meminit
1240 1113 1357 1189 (lituus,
1452 1124 1455 1127 ’
1518 1114 1519 1147 ³

252 1206 352 1264 eodem
374 1204 486 1263 nomine
507 1203 646 1282 interpres
670 1203 780 1278 reddit,
807 1202 899 1278 poprdi
924 1208 1043 1271 coactor,·
1064 1206 1205 1259 corrector
1227 1199 1357 1273 correxit,

252 1290 373 1349 collator
391 1289 452 1347 rive
471 1295 654 1365 congregator.
682 1287 760 1347 cmm
781 1287 905 1347 officium
927 1287 1039 1367 publico
1056 1287 1140 1364 riguo
1162 1284 1300 1364 poprdum
1318 1284 1356 1341 ad

252 1393 312 1432 rem
326 1375 448 1434 divinam
464 1393 625 1432 convocare.

322 1486 395 1540 Duos
413 1485 531 1540 scribant
552 1485 696 1550 Allatiana,
726 1489 755 1538 et
773 1481 969 1547 λασσυνοῖπσας
988 1489 1100 1539 vocanti
1131 1479 1162 1538 ol
1185 1477 1240 1537 aba
1256 1485 1356 1535 λυοσυ-

255 1553 363 1609 ucirrruc
380 1559 507 1626 (-ιιιοι
524 1554 566 1620 Μ)
583 1549 734 1622 συνάγουσι
749 1548 817 1615 corle
832 1550 995 1621 διακόνους,
1011 1551 1060 1607 uul
1076 1549 1298 1622 ἀναγορεύουσιν
1309 1551 1358 1634 ἵνα

252 1618 517 1762 ιέιέκλληεέῗαξινονιίς.
551 1619 702 1693 συνάγουσι
725 1617 758 1678 bi
779 1617 846 1688 rode
868 1617 1007 1694 ἄρχοντας
1031 1619 1080 1677 aul
1095 1617 1146 1678 τὸν
1162 1617 1233 1676 ludu
1248 1617 1291 1684 ric
1305 1637 1358 1687 την

341 1795 498 1877 InTypico
511 1798 542 1856 S.
557 1798 650 1858 Sabae
665 1797 776 1857 videtur
794 1797 929 1877 appellari
948 1792 1179 1878 κυνδηλιὶστης,
1200 1816 1219 1856 a
1239 1793 1357 1854 caadclir

256 1883 445 1942 acceudmdir:
460 1883 543 1942 huius
559 1884 634 1943 enim
650 1884 735 1942 etiam
748 1889 794 1942 est
807 1878 931 1964 κρούειν
945 1881 1000 1958 τοὶς
1011 1881 1130 1964 ,βορέας
1150 1879 1201 1944 aul
1222 1875 1258 1943 rb
1274 1880 1357 1979 albip-

255 1969 351 2046 poda,
374 1969 508 2045 quaeillis
526 1969 588 2028 loco
604 1987 792 2045 campanorum
804 1975 900 2047 eraut,
919 1968 972 2031 md
986 1969 1143 2046 σημαίνειν
1156 1962 1191 2028 cd
1207 1965 1282 2046 pipo
1301 1981 1357 2041 ση-

254 2075 396 2134 μανιρον.
428 2055 505 2113 varia
525 2055 600 2112 cuim
622 2054 705 2129 signa
732 2054 855 2131 dabant,
881 2059 920 2112 ut
939 2060 970 2112 et
987 2055 1066 2131 apud
1089 2073 1142 2111 uos
1162 2052 1223 2111 lieri
1243 2049 1356 2108 assolet

253 2139 318 2196 vide
339 2139 534 2199 Balsamoncm
558 2140 588 2197 in
612 2140 808 2198 dissertatione
835 2158 885 2198 cur
913 2138 1043 2198 monachi
1066 2138 1156 2196 tribur
1177 2136 1266 2214 signia
1288 2151 1358 2193 suos

253 2223 291 2284 ad
306 2243 386 2284 sacra
400 2228 570 2303 convocent,
590 2243 653 2282 cum
667 2225 712 2282 alii
728 2244 786 2284 uuo
799 2225 883 2301 signo
896 2224 1023 2289 contenti
1040 2223 1105 2282 siut

339 2310 404 2371 ibid
418 2331 445 2368 v.
460 2314 487 2374 8.
510 2310 635 2378 Quartus
651 2309 680 2367 in
696 2310 751 2370 hac
762 2310 888 2388 pentudo
899 2315 945 2370 cut
960 2307 979 2373 d
992 2305 1207 2389 πριμμινήριος
1227 2307 1292 2367 τοῖν
1306 2325 1357 2401 ra:
1405 2357 1410 2367 ,

253 2397 433 2475 boulanium·
477 2392 573 2453 Iunius
589 2395 791 2472 interpretatur
806 2398 948 2456 notarium.
967 2394 1008 2454 alc
1024 2394 1099 2452 enim
1120 2393 1200 2450 initio
1220 2390 1359 2449 nominari

252 2481 364 2538 videtur
380 2479 492 2555 abipso
511 2479 622 2538 Codinu
642 2481 704 2555 p.1
726 2481 770 2537 ed.
789 2479 865 2539 Iani
886 2499 950 2538 cam
971 2480 1046 2538 cuim
1062 2479 1202 2536 notanum
1221 2475 1358 2547 nominet,

252 2583 286 2644 ac
313 2571 412 2642 postea
435 2563 546 2638 singula
567 2563 658 2624 officia
675 2563 706 2620 in
726 2564 865 2641 pentudas
890 2565 1021 2640 digerens
1048 2563 1085 2620 de
1107 2562 1217 2621 notario
1241 2576 1357 2637 prorsas

192 2702 194 2707 ,
252 2649 352 2726 sileat,
374 2647 504 2708 credibile
517 2653 561 2706 cst
577 2647 719 2706 Codiuum
737 2649 849 2706 nominc
863 2652 1009 2726 primicerii
1032 2647 1224 2707 tabulariorum
1246 2643 1357 2701 intelle-

253 2733 328 2792 xisse
351 2735 494 2792 notarium.
527 2732 605 2807 quod
625 2732 699 2790 forte
720 2751 818 2791 verum
844 2739 904 2810 est,
938 2735 990 2791 sed
1011 2733 1106 2791 nescio
1131 2731 1273 2807 quomodo
1292 2747 1357 2786 cam

253 2817 326 2882 Iunii
347 2816 487 2874 sententia
510 2817 672 2891 conveniat,
700 2816 749 2890 qui
767 2820 948 2894 primicerium
979 2819 1009 2874 in
1036 2817 1135 2891 quovis
1161 2816 1253 2875 officio
1277 2814 1358 2871 illum

255 2901 310 2960 dici
329 2905 412 2979 putet
438 2903 486 2978 qui
501 2903 605 2978 primur
625 2903 772 2978 inscriptus
790 2904 828 2959 rit
848 2902 910 2960 albo
924 2905 979 2960 ricc
993 2901 1094 2960 ordinir
1106 2903 1152 2958 rui
1168 2899 1308 2974 catalogo,
1329 2902 1356 2955 ct

252 2989 356 3064 primm
376 2989 405 3044 ia
426 3005 473 3042 ruo
495 2985 584 3042 ordine
608 2985 738 3058 obtineat,
758 2989 847 3062 prima
866 3006 943 3059 cera,
963 2985 1182 3058 idatium,
1202 2987 1355 3060 imcriptur.

255 3071 310 3134 hoc
324 3071 457 3130 rivorum
474 3075 534 3145 est,
553 3067 628 3128 idem
649 3088 718 3145 ergo
737 3070 791 3130 crit
805 3070 975 3148 primicerius
991 3070 1185 3128 tabulariorum
1204 3088 1269 3127 cum
1288 3087 1356 3145 pro«

254 3155 411 3232 tonotario,
432 3154 513 3232 quia,
538 3161 572 3212 ut
585 3152 681 3213 Iunius
695 3155 776 3230 dicit,
793 3158 961 3233 primicerius
980 3157 1085 3232 primus
1102 3159 1148 3212 ert
1170 3154 1199 3211 in
1222 3174 1285 3212 cera
1303 3170 1355 3209 seu

254 3242 329 3319 albo,
357 3247 388 3299 et
418 3239 547 3299 tabularii
576 3246 645 3296 runt
674 3240 790 3318 notarii,
811 3241 941 3317 idemque
964 3241 1051 3316 igitur
1071 3239 1283 3316 protonotarius
1304 3237 1359 3294 sen

254 3327 360 3404 primus
380 3326 506 3384 notarius
528 3329 561 3382 et
577 3327 739 3400 primicerius
753 3325 954 3386 tabulariorum.
974 3344 1033 3400 ego
1050 3325 1119 3382 nodi
1136 3324 1219 3381 huius
1236 3322 1354 3381 schifia-

253 3429 319 3469 nem
332 3430 390 3470 non
406 3410 507 3488 video,
527 3409 581 3467 nisi
601 3410 664 3484 quis
681 3409 774 3468 dicere
789 3410 857 3469 velit
875 3411 962 3470 istum
981 3410 1036 3468 dici
1052 3412 1230 3486 pn‘nricerium
1246 3407 1356 3466 tabula·

251 3498 351 3555 riorum
370 3501 501 3572 respectu
526 3494 635 3553 illorum
659 3495 833 3553 notariorum
856 3513 928 3569 quos
951 3495 1025 3552 infra
1048 3512 1081 3551 re
1104 3493 1207 3569 habet,
1227 3511 1289 3550 non
1310 3509 1356 3548 re-

146 3579 166 3632 Ρ
185 3580 235 3636 175
251 3584 351 3655 specta
363 3580 501 3657 omnium,
524 3597 580 3652 quo
594 3584 678 3655 pacto
697 3574 910 3659 ὄδεντσρεῦυν
932 3585 994 3641 τῶν
1012 3571 1165 3640 διακόνων
1175 3579 1269 3634 vocari
1286 3595 1355 3654 pos·

253 3668 299 3722 set
324 3666 490 3740 primiceria
514 3662 697 3733 diaconorum,
729 3683 789 3724 nou
817 3664 946 3722 absolute
975 3666 1028 3723 sed
1052 3662 1266 3741 comparatione
1291 3663 1355 3722 coir

254 3751 368 3810 aurudo
376 3785 387 3815 ,
409 3746 562 3808 utCitrius
581 3751 611 3804 et
625 3747 751 3806 Codinus
760 3747 922 3823 loquuntur.
1350 3783 1355 3793 ·

261 3875 264 3882 .
337 3827 450 3888 Addam
466 3830 574 3888 ethoc
592 3831 701 3905 quidsi
717 3851 768 3909 per
785 3853 882 3893 vocem
897 3832 1105 3913 ruduuluplmu
1123 3831 1171 3890 hic
1190 3848 1249 3891 non
1271 3828 1355 3888 intel-

251 3917 378 3993 liguntur
392 3915 525 3973 tabularii
542 3919 722 3988 muratorii,
742 3917 795 3975 sed
817 3917 956 3976 tabularia
970 3937 1023 3975 seu
1040 3917 1168 3990 arcbioa,
1187 3915 1230 3973 ita
1247 3921 1281 3972 ut
1297 3914 1356 3992 pri-

252 4001 379 4065 micerius
393 4000 587 4057 tabulariorum
612 3997 658 4060 illc
678 4000 789 4060 dicatur
810 4002 860 4078 qui
880 4007 993 4078 praeest
1011 4001 1145 4060 tabulario
1161 4019 1213 4058 seu
1231 3999 1355 4070 arclioo,

252 4086 345 4147 socium
360 4083 390 4140 in
406 4082 460 4144 hoc
476 4083 568 4141 officio
586 4093 616 4141 ct
634 4084 797 4144 administer
815 4085 1059 4163 chartophylacio?
1078 4104 1144 4142 nam
1162 4084 1356 4162 cbanopluyla-

255 4175 327 4230 ‹u'um
337 4167 447 4228 Latinis
468 4173 514 4224 cst
532 4168 712 4245 tabularium,
732 4176 763 4228 ct
785 4190 804 4230 a
823 4169 929 4229 latim
950 4189 1004 4228 usu
1022 4171 1106 4228 etiarn
1131 4168 1255 4228 Graecis,
1281 4169 1356 4226 sicut

256 4255 331 4314 enim
347 4272 466 4331 maguus
483 4251 639 4312 raccllarius
654 4260 683 4312 et
701 4251 787 4320 broii
802 4254 958 4319 σακολλίυυ
976 4274 1044 4314 suos
1063 4253 1222 4313 habuerunt
1243 4254 1357 4312 adiuto-
