3075 4867
239 318 273 368 n
727 259 859 365 colar

236 495 289 555 aad
306 494 332 553 ei
348 491 401 553 soli
423 494 582 558 vovendum
611 482 697 573 quern
717 496 836 576 plurima
856 496 1009 577 respiciunt
1024 495 1142 573 Officia,
1165 501 1196 555 et
1214 497 1293 555 cuins
1309 497 1339 558 in

238 599 332 656 fronte
350 596 505 676 praefixum
527 615 629 657 nomen
651 618 717 677 pars
739 598 802 657 libri
822 598 860 657 sit
880 598 1033 677 potissima.
1075 598 1116 658 sie
1135 602 1180 656 est
1203 600 1341 677 profecto,

239 699 397 759 Cardinalis
410 681 647 759 Eminentissime:
669 718 721 779 per
734 681 780 759 Te
789 700 916 759 Codinus
930 699 1030 759 mirum
1042 699 1072 757 in
1085 701 1202 759 modum
1211 706 1341 779 augetur,

239 819 341 879 nempe
358 800 408 878 qui
424 818 484 861 non
506 799 609 859 Officia
627 801 719 861 solum
739 785 884 863 enumerat
907 819 1028 881 magnae
1049 800 1182 860 ecclesiae
1203 808 1235 861 et
1260 802 1340 861 aulae

153 901 160 916 ’
239 903 423 983 Cpolitanae,
454 901 507 959 sed
525 901 610 961 etiam
631 902 798 981 ampliores,
828 921 900 979 quas
923 904 954 963 in
980 902 1025 963 Te
1044 902 1169 981 colligis,
1193 905 1341 981 utriusque

239 1005 337 1085 palatii
348 1002 433 1082 Regii
454 1008 485 1061 et
500 1002 629 1062 Vaticani
650 1004 803 1083 dignitates
823 1006 934 1064 videtur
952 1005 1109 1085 expressius
1122 1012 1339 1085 repraesentare.

239 1115 413 1187 quapropter
428 1112 570 1165 auctorem
585 1106 659 1165 hunc
677 1106 743 1167 Tuo
765 1107 878 1168 nomine
902 1107 1084 1185 consignasse
1102 1106 1210 1167 sineere
1229 1113 1261 1166 et
1279 1108 1341 1167 sirre

229 1211 304 1267 ’fuco
317 1208 452 1298 profiteor
472 1207 650 1286 praeeipuam
671 1227 707 1267 ex
726 1208 795 1268 meis
815 1210 854 1267 ad
867 1227 931 1269 eum
948 1208 1032 1267 notis.
1074 1208 1115 1268 ita
1127 1227 1186 1268 non
1198 1211 1273 1269 foret
1286 1210 1341 1268 iste

226 1303 328 1388 'mena
350 1309 507 1374 nisiTuus.
548 1309 655 1371 utinam
672 1308 740 1371 olim
756 1309 869 1369 Codiuo
892 1310 991 1370 datum
1012 1307 1078 1369 Tuo
1096 1312 1153 1370 frui
1172 1316 1340 1393 conspectu:

239 1430 313 1471 unus
332 1403 359 1471 ei
378 1410 478 1471 sauses
500 1412 569 1469 satis
586 1413 625 1471 ad
643 1422 743 1472 novam
764 1412 927 1473 Officiornm
941 1412 1013 1471 bene
1029 1412 1143 1489 longam
1162 1414 1261 1474 seriem
1273 1433 1341 1473 oon·

238 1514 396 1576 texendam.
438 1531 523 1589 quam
546 1513 700 1575 luculentas
720 1514 751 1573 in
771 1512 849 1571 illurn
866 1533 941 1573 nunc
951 1516 1199 1575 commentationes
1213 1518 1340 1575 ederem!

239 1634 325 1693 quam
338 1609 438 1693 ingens
452 1614 600 1695 impluent
616 1614 762 1693 volumen,
786 1616 836 1675 ubi
858 1616 930 1677 circa
944 1618 1069 1696 singula,
1103 1617 1205 1694 quibus
1224 1618 1341 1695 'perfun-

239 1720 303 1775 ctus
317 1733 366 1795 es,
386 1736 520 1795 munera,
545 1724 653 1794 quanta
667 1717 713 1777 Te
723 1719 861 1796 gessisses
878 1719 909 1777 in
921 1736 1092 1794 unoquoque
1105 1719 1255 1797 prudentia
1268 1695 1340 1778 iute-

239 1818 344 1895 gnitate
361 1816 462 1894 laude,
488 1818 622 1877 curiosius
634 1799 834 1879 'annotassemt
870 1823 902 1877 at
919 1819 989 1895 quid
1008 1836 1082 1877 vana
1096 1820 1197 1877 mentis
1217 1818 1341 1878 oblecta-

239 1920 318 1977 tione‘
338 1918 477 1979 deludor?
525 1920 692 1996 quasivero
713 1919 933 1997 notisindigeat
962 1920 1042 1995 quod
1064 1920 1193 1978 omnibus
1215 1920 1342 1979 notum?

239 2020 377 2082 neminem
394 2020 448 2085 luoc
460 2020 558 2098 fugere
571 2022 674 2101 potuit.
715 2020 761 2080 Te
784 2019 1011 2097 quotusquisque
1031 2019 1112 2077 facile
1134 2022 1340 2099 suspiciendum

239 2122 357 2201 habuit,
384 2140 469 2200 quem
493 2123 595 2183 deeora
618 2124 755 2183 virtutmn
776 2128 844 2181 ante
871 2138 1025 2201 purpuram
1049 2120 1154 2197 ubique
1179 2128 1340 2184 statuerunt

238 2224 503 2286 Eminentissimum.
545 2223 591 2284 Te
617 2224 701 2287 talem
732 2242 874 2305 purpurae
897 2222 990 2301 fulgor
1016 2221 1139 2301 invenit,
1176 2242 1235 2283 non
1264 2226 1338 2285 feeit

237 2326 306 2387 nihil
324 2328 362 2390 ad
384 2328 531 2389 veritatem
553 2328 646 2386 addo:
681 2328 721 2387 sic
740 2328 818 2407 apud
835 2343 881 2385 me
906 2342 1069 2404 supremum
1090 2323 1197 2382 aeterni
1217 2325 1339 2383 numinis

237 2428 268 2497 in
282 2427 327 2487 Te
341 2426 494 2501 consilium,
520 2444 579 2485 nou
595 2413 748 2487 desultoria
763 2426 934 2504 cogitatione
952 2426 1004 2483 sed
1017 2430 1148 2483 accurato
1160 2425 1261 2485 mentis
1274 2446 1340 2485 eua-

237 2526 321 2603 mme,
344 2524 422 2585 soleo
436 2526 585 2605 pensitare.
627 2521 683 2606 Te,
697 2529 792 2587 fausto
806 2544 922 2606 prorsus
935 2526 1038 2603 omine,
1060 2526 1183 2585 demerit
1200 2528 1339 2588 adlectum

237 2628 268 2687 in
288 2627 511 2706 praedicatorum
530 2627 676 2707 antliam,
710 2630 741 2687 in
762 2648 820 2707 qua
841 2627 1003 2688 meritorum
1021 2626 1156 2704 suffragio
1177 2650 1242 2689 vere
1264 2632 1339 2693 fores

238 2748 380 2809 purpurae
391 2729 566 2791 candidatus.
609 2729 654 2791 Te
675 2738 774 2793 uatum
788 2734 820 2794 in
836 2730 956 2791 salutem
977 2728 1060 2786 liuius
1082 2728 1190 2808 imperii
1201 2731 1290 2793 voluit
1302 2736 1340 2793 ad

237 2834 402 2893 doctoratus
415 2834 535 2910 gadum
546 2834 720 2913 promoveri,
750 2852 825 2911 quae
843 2832 939 2893 laurea
957 2848 1016 2889 non
1034 2810 1151 2891 obscure
1164 2832 1258 2893 lauros
1270 2834 1339 2895 alias

236 2932 433 3007 adumbraret3
463 2939 493 2993 et
515 2924 594 3012 qu'od
616 2936 772 3013 antiquitas
790 2934 949 2996 fabulosum
968 2932 1083 3011 cecinit,
1108 2934 1234 2995 verim&
1257 2956 1340 3016 prae-
1465 2992 1469 2999 .

131 3062 133 3074 ·
237 3035 367 3095 nuntium
386 3054 420 3095 ac
435 3039 614 3115 praeoouimn
633 3038 786 3117 posteritas
807 3036 1023 3117 comprobaret,
1055 3034 1198 3096 Palladem
1220 3055 1238 3095 e
1264 3037 1339 3099 lor'm

237 3135 351 3197 eerebm
364 3141 477 3217 natam,
506 3139 637 3203 laureatis
660 3141 745 3204 armis
763 3138 944 3217 instructam,
975 3136 1150 3198 Athenarum
1163 3157 1197 3199 ac
1208 3137 1339 3200 edentia-

202 3253 205 3260 “
237 3257 300 3300 rum
311 3240 434 3303 numium
448 3241 502 3301 sibi
524 3262 701 3322 comparasse
720 3241 900 3321 praesidium,
926 3260 965 3321 ao!
974 3239 1094 3298 subinde
1106 3240 1145 3299 ad
1156 3240 1247 3302 oleam
1261 3243 1339 3322 pacis

237 3349 432 3420 argumentum
445 3340 564 3429 Athenis
583 3344 765 3423 plantandam
785 3349 873 3421 atque
891 3361 989 3422 pacem
1006 3341 1097 3420 ipsum
1116 3340 1146 3401 iu
1166 3343 1264 3414 orbem
1276 3345 1339 3405 uni-

235 3462 347 3507 vercum
360 3448 570 3527 propagandam
585 3448 707 3509 animum
721 3447 898 3507 convenere.
937 3460 1021 3521 quem
1042 3440 1150 3505 caelum
1171 3445 1339 3524 designabat

235 3566 402 3627 protegam,
428 3550 513 3608 Ordo
532 3548 727 3634 provincialem
747 3545 934 3608 renuntiavit:
966 3543 1039 3611 sacti
1057 3544 1156 3623 potati
1173 3548 1336 3625 magistrum

236 3649 314 3727 prius
335 3651 611 3730 inatitrrit'poutifex
638 3669 723 3729 quam
747 3668 847 3729 regum
873 3664 1021 3727 supremus
1044 3645 1143 3707 Gallici
1171 3649 1336 3709 ministrum

232 3750 334 3815 uirtuti
359 3753 482 3833 proclive
500 3772 552 3833 per
575 3754 739 3816 descensum
765 3751 905 3831 gradatim
931 3748 1090 3808 ascendere
1133 3752 1212 3827 quod
1233 3751 1338 3811 deinde

235 3852 342 3915 bonum
362 3856 480 3935 contigit
493 3854 689 3935 Aquensibus‚
718 3854 857 3914 ardebant
876 3852 931 3913 toti
949 3849 1176 3922 Praedicatorum
1196 3852 1288 3913 ordini
1307 3853 1336 3913 in

237 3957 355 4017 comitiis
371 3956 567 4021 (tennensium
583 3958 657 4021 Galli
676 3963 706 4019 et
725 3957 805 4035 lan,
839 3973 960 4034 quorum
974 3950 1105 4013 iudicium
1124 3954 1168 4013 vel
1187 3972 1223 4013 ex
1241 3974 1276 4015 eo
1290 3972 1337 4014 sa·

235 4058 316 4137 piens
339 4059 551 4137 comprobatum
575 4066 638 4139 est,
670 4059 749 4138 quod
769 4077 856 4118 uuum
875 4076 893 4117 a
911 4055 1006 4116 multis
1027 4052 1073 4117 Te
1093 4055 1186 4117 Gallia
1198 4056 1337 4117 censuerit

236 4161 366 4221 universe
386 4161 502 4238 dignum
522 4164 571 4240 qui
592 4163 745 4243 principem
763 4162 898 4239 referres,
917 4159 962 4219 oui
982 4158 1072 4219 nescit
1094 4158 1171 4218 orbis
1182 4156 1336 4235 aequalem.

237 4261 389 4339 prudenter
410 4262 486 4325 haud
501 4264 587 4328 dubie
604 4264 655 4325 tibi
670 4269 731 4325 tum
744 4260 838 4325 Roma
850 4280 1003 4345 purpuram
1016 4260 1135 4339 obtulit,
1159 4279 1223 4321 eum
1242 4276 1338 4338 regem
