3075 4867
508 338 511 345 ·
557 290 605 361 ul
631 290 782 367 GODlNl
809 291 895 363 GAP.
922 291 997 364 Vl,
1175 328 1178 333 ·
1250 292 1322 363 291

287 452 467 511 AIostiuiano
485 460 617 527 acceptam
642 451 805 521 καλύπτραν
833 452 1065 520 dns-numismata
1088 457 1117 509 et
1139 454 1245 526 ταύρου
1270 463 1326 511 sta·

216 528 321 579 tuarum
344 534 520 593 monumenta,
542 526 565 579 si
587 542 653 595 qnae
674 523 818 595 supersint,
835 524 938 594 scriptis
954 523 1047 577 clarius
1064 524 1215 579 edocebunt

262 634 267 687 j
302 614 368 677 ibid.
381 634 434 693 pro
450 610 614 693 ὑπέρτερον
639 612 760 685 libenter
779 610 902 690 legerem
923 608 1116 697 ύπίρπυρον,
1152 618 1186 672 ut
1215 614 1254 673 sit
1274 634 1327 692 ge·

217 704 330 759 stamen
345 700 445 778 capitis
464 700 553 757 instar
565 701 639 778 ignis
652 702 808 759 flammans.

288 792 448 863 καλύπτρας
478 794 554 848 huius
589 812 679 848 nomen
705 793 819 847 innuisse
849 797 877 845 et
904 792 1014 861 liguram
1047 797 1254 863 repraesentasse
1285 797 1327 849 vi-

220 866 296 919 detur
322 864 454 919 cedrenus
478 864 504 917 in
527 864 638 916 Basilio:
662 858 792 948 σιεφρίνφ
821 862 913 932 χρυσῷ
937 859 1027 929 λόφον
1048 855 1208 930 ἐφύπερθεν
1236 862 1327 933 ἔχοντι
1408 901 1410 904 -

219 930 420 1004 ἐθριάμβευσεν
437 926 668 1002 ἐστεφανωμένος.
691 948 855 997 υπερπνρον
877 931 1012 999 legendnm
1034 933 1151 1000 suggerit
1175 934 1326 986 Gretserus.

219 1020 271 1056 non
289 1004 394 1071 ignare,
412 1020 452 1055 me
469 1002 580 1054 hercule.
597 1002 660 1071 legit
676 1002 742 1054 enim
758 1000 824 1052 idem
836 1000 959 1053 Coresins
971 1000 1030 1052 dum
1041 1001 1174 1053 rescribite
1186 996 1222 1054 τὰ
1240 998 1325 1070 ὑπέρ-

219 1090 313 1139 πυρον
330 1072 440 1139 tegimen
462 1078 502 1126 est
519 1071 626 1140 capitis,
644 1070 742 1125 hostilis
758 1068 888 1137 sanguinis
905 1069 1052 1122 effundendi
1069 1087 1158 1139 omen,
1171 1071 1236 1139 regii
1253 1072 1327 1125 turo·

220 1141 257 1194 ris
283 1141 309 1193 in
332 1140 495 1193 adversarios
518 1140 662 1222 protectori
687 1139 802 1207 signum,
828 1138 920 1191 eximia
941 1152 1062 1209 purpura
1075 1140 1203 1204 sumtum,
1227 1157 1328 1209 quoae

140 1208 142 1213 ’
220 1210 254 1263 im
274 1215 389 1263 emtores
406 1208 527 1262 vel'bellr
543 1217 658 1278 tempore
674 1207 716 1261 vel
733 1206 833 1277 inipso
850 1207 971 1259 conflictu
989 1207 1118 1261 velabant.
1136 1208 1198 1261 illud
1215 1208 1328 1262 sortasse

220 1298 243 1331 π
263 1295 330 1346 ρσης
351 1277 451 1331 nomine
469 1277 577 1331 Nicetes
601 1278 685 1331 voluit
706 1275 832 1344 intelligi,
855 1276 898 1328 nbi
916 1275 949 1329 de
968 1276 1131 1329 tumultuaria
1147 1278 1285 1330 Andronici
1300 1280 1327 1331 in

221 1348 313 1403 solium
336 1346 508 1417 promotione,
532 1342 614 1400 ύλλσι
637 1342 669 1399 di
695 1341 747 1413 τὴν
769 1341 935 1413 καπνηρύν,
959 1344 1060 1413 inquit,
1082 1343 1131 1399 κοιλ
1151 1347 1328 1415 πυραμοειδῆ
1416 1378 1419 1383 -

221 1412 306 1484 ἐρίαν
322 1417 373 1483 τῆς
388 1415 511 1483 κεφαλῆς
532 1410 699 1484 ἀφελόμενοι
720 1408 831 1483 soporis
853 1408 932 1487 αύτῷ
952 1410 1134 1483 rescirem,
1152 1414 1202 1469 καλ
1223 1410 1326 1485 στολὴν

222 1482 369 1555 βασιλικὴν
382 1477 517 1539 ἐνέδυσαν
534 1480 633 1551 ἕτεροι.
658 1528 659 1531 ,

308 1573 519 1631 Gestaminibus
538 1590 612 1647 quae
630 1572 783 1650 imperator
801 1572 858 1631 fert
876 1572 906 1629 in
928 1574 1038 1651 capite,
1058 1573 1133 1632 adde
1150 1572 1235 1632 etiam
1256 1573 1326 1632 illud

224 1660 302 1735 qnod
318 1648 463 1737 ¹Georgius
484 1656 663 1735 Acropolita,
686 1676 805 1738 magnus
825 1657 988 1735 logotheta,
1008 1659 1038 1714 in
1053 1678 1105 1716 suo
1121 1659 1262 1717 Chronico
1275 1678 1328 1737 ap·

222 1744 311 1823 pellat
328 1744 509 1823 pyramidem,
531 1744 578 1801 ubi
603 1744 639 1801 de
662 1741 760 1801 Isaaco
781 1742 951 1821 imperatore
964 1762 982 1802 a
994 1742 1124 1821 Bulgaris
1141 1744 1251 1802 devicto
1265 1746 1327 1821 agit

223 1849 252 1909 p.
266 1833 309 1892 22
329 1832 348 1891 3
372 1828 463 1891 Bonn.
506 1835 532 1887 et
557 1830 604 1887 ίιοο
624 1835 750 1905 ternpore,
770 1828 880 1905 inquit,
900 1828 1024 1905 Bulgort
1042 1834 1126 1889 tontis
1145 1829 1328 1889 Romcnomm

223 1914 316 1993 spoliis
329 1917 469 1991 acquisitis
488 1916 624 1992 superbior
647 1913 851 1991 insolentiusque
865 1932 893 1971 se
910 1915 1051 1990 gerebant:
1071 1912 1124 1975 καί
1144 1910 1202 1995 μολρ
1221 1912 1272 1977 καλ
1293 1913 1328 1977 λιι

223 2003 284 2061 τῶν
305 2000 470 2079 βασιλικῶν
488 1992 678 2077 παρασήμων
698 1993 735 2059 τύ
754 1991 951 2079 καιριώτερα·
973 1992 1028 2070 τοὶς
1047 2021 1078 2061 τε
1101 1994 1157 2078 γύρ
1171 2003 1227 2060 τοῦ
1242 2002 1328 2078 βασι-

223 2083 299 2155 λίοις
322 2078 377 2157 τοὶς
400 2085 574 2163 πυραμίδας
600 2076 796 2162 ολνελύβοντν.
838 2083 877 2141 ad
901 2101 975 2158 quae
996 2083 1136 2162 interpres
1156 2083 1327 2143 Theodorus

223 2166 338 2228 Dousa:
358 2170 491 2249 πυραμίς
505 2174 565 2227 erat
584 2170 673 2245 pileos
696 2170 882 2244 acuminatus,
899 2172 988 2227 instar
1008 2171 1178 2247 pyramidis,
1203 2169 1329 2228 Orienta-

224 2256 292 2315 lium
302 2256 452 2332 princr'pnm
465 2260 608 2331 gestamen.
652 2255 728 2311 cuius
745 2258 840 2331 posteo
857 2256 955 2312 iterum
966 2260 1061 2313 auctor
1075 2258 1204 2313 meminit:
1223 2253 1275 2317 scol
1288 2250 1334 2315 τύ

224 2336 281 2421 μὲν
295 2335 412 2419 ἐρυθροὶ
427 2331 744 2418 sternumentum,
765 2336 819 2400 καί
837 2332 895 2415 τήν
918 2333 1145 2420 περιμύργαρον
1162 2340 1328 2419 πυραμίδα,

225 2424 270 2496 εἰς
297 2418 339 2501 ἣν
364 2421 416 2484 καλ
438 2424 526 2495 λίθος
550 2416 763 2504 ύπερκύθηται
785 2420 939 2497 κόκκινος,
973 2419 995 2484 ἃ
1019 2420 1159 2502 βασιλικοί
1179 2421 1334 2503 σύμβολα,

225 2508 441 2567 Cantacuzenus
468 2514 483 2571 1
507 2508 527 2573 5
548 2507 651 2587 pileum
665 2508 741 2566 huno
754 2526 806 2565 sen
820 2508 920 2566 tiaram
933 2507 969 2567 ab
983 2509 1089 2568 irrserto
1104 2511 1208 2568 unione
1221 2529 1271 2567 seu
1284 2508 1341 2567 la·-
1397 2509 1400 2512 ’

224 2594 292 2673 pide
304 2595 428 2671 pretioso
442 2595 643 2669 synecdochice
658 2594 786 2651 nominat
798 2589 852 2654 τύν
866 2592 915 2655 ἐπὶ
929 2597 984 2673 τῆς
997 2599 1132 2672 κεφαλῆς
1152 2597 1255 2657 λίθον.
1296 2601 1328 2653 et

225 2678 248 2745 4
268 2679 310 2741 87
330 2678 399 2739 haec
417 2680 516 2737 eadem
533 2680 605 2738 tiara
618 2684 663 2738 est
681 2679 883 2737 Cantacuzeno
895 2678 975 2760 λίθῳ
989 2679 1213 2758 καιοσμημὲνος
1225 2684 1324 2752 πῖλος.

224 2768 272 2822 est
285 2764 441 2839 symbolum
457 2763 565 2841 imperii
581 2770 596 2827 1
614 2764 641 2827 5.
685 2765 816 2839 quocirca
837 2764 976 2821 diversum
996 2765 1087 2823 forma
1100 2767 1187 2823 fuisse
1200 2766 1328 2843 oportuit
1381 2806 1391 2817 .

223 2848 303 2907 illum
318 2867 401 2924 quem
424 2849 559 2926 fugitivus
580 2847 758 2908 Andronicus
778 2849 941 2907 Comnenus
962 2850 1115 2928 imperator
1134 2851 1242 2929 induit,
1263 2850 1328 2908 licet

226 2934 380 3014 pyramidis
405 2951 518 3009 quoqne
542 2935 663 3013 speciem
682 2953 750 3013 prae
770 2953 804 2993 se
821 2936 923 2994 ferret:
950 2941 1040 2997 πῖλον
1061 2933 1119 3018 yde
1140 2932 1328 3019 βαρβαρικόν

225 3023 266 3104 τῇ
282 3023 402 3105 κεφαλῇ
416 3018 628 3100 περιθέμενος,
652 3015 685 3093 ὃς
701 3020 744 3093 είς
758 3013 815 3095 σ’ξύ
828 3016 931 3102 λήγων
944 3021 1092 3099 πυραμίδι
1105 3021 1251 3092 εἴκασται,
1270 3017 1329 3100 τήν
1352 3071 1354 3075 .

227 3099 387 3184 βασιλικήν
409 3104 531 3167 εἴσεισιν
553 3096 648 3178 αὖθις
665 3101 790 3184 τριήρη,
812 3111 845 3164 nt
863 3106 904 3163 ait
916 3103 1032 3164 Nicetes
1046 3106 1064 3164 l.
1079 3111 1100 3169 2
1114 3108 1151 3164 de
1165 3105 1328 3166 Andronico
1383 3100 1387 3109 ’

227 3189 382 3249 Comneno.
425 3191 534 3267 grande
547 3196 642 3248 tamen
656 3189 767 3248 aliunde
783 3191 857 3248 inter
876 3191 952 3249 huno
974 3191 1149 3249 barbaricum
1168 3192 1328 3269 pyramida-

227 3274 284 3332 lem
295 3273 398 3351 pileum
413 3281 443 3332 et
458 3275 534 3333 illum
548 3275 667 3333 alterum
680 3276 889 3353 imperatorium
901 3276 1092 3333 intercessisse
1112 3281 1242 3353 oportet,
1264 3295 1328 3335 curn

227 3358 406 3417 Andronicus
421 3361 497 3419 hunc
510 3360 699 3436 barbaricum,
715 3379 751 3418 ne
766 3367 966 3437 agnosceretur
979 3362 1148 3439 imperator,
1168 3379 1329 3438 assumpse-

227 3444 281 3517 rit3
308 3446 381 3503 sicut
399 3451 430 3504 et
448 3444 582 3504 turbinati
607 3446 646 3505 illi
667 3445 731 3524 pilei
756 3450 855 3523 σχῆμα
874 3447 1044 3522 πυραμίδος
1068 3445 1197 3523 ἔχοντες,
1227 3446 1329 3523 quibus

228 3548 359 3609 proceres
382 3529 412 3587 in
431 3530 495 3589 aua
512 3531 664 3608 Cpolitana
685 3530 854 3606 utebantur,
875 3531 974 3605 utique
987 3531 1023 3588 ab
1037 3531 1214 3608 imperatoris
1229 3528 1331 3593 πολύ·-

228 3638 336 3693 πιραις
349 3634 399 3673 sen
410 3619 579 3693 tegumentis
599 3618 629 3673 in
649 3616 823 3692 pyramidem
845 3616 996 3694 fastigiatis
1018 3616 1222 3695 discrepabant.
1264 3618 1338 3676 ride

230 3698 388 3777 Gregoram
402 3702 439 3758 ad
453 3700 555 3760 calcem
570 3701 711 3760 historiae.

315 3784 436 3865 Graeci,
456 3804 518 3845 rece
539 3793 570 3846 ta
592 3805 610 3844 a
627 3784 737 3844 Latinis
759 3784 860 3862 Cpoli,
877 3784 951 3844 inter
964 3784 1095 3848 Baldnini
1108 3784 1137 3844 II
1154 3785 1332 3864 imperatoris

171 3869 175 3875 ’
229 3867 358 3945 symbola
370 3806 538 3949 repererund
556 3871 710 3949 calyptram
731 3872 822 3930 forma
844 3869 954 3929 Latinis
978 3873 1084 3929 usitata
1105 3879 1282 3930 constantem
1300 3877 1332 3928 et

164 3976 175 3993 ·
231 3955 380 4013 unionibus
394 3957 573 4034 distinctam,
591 3976 654 4015 omn
667 3956 761 4033 lapillo
776 3956 852 4014 rubri
866 3957 966 4015 coloris
988 3958 1018 4014 in
1038 3958 1142 4016 vertice
1163 3958 1277 4035 capitis,
1297 3962 1331 4012 ut

229 4039 261 4097 in
286 4038 428 4101 Pandecte
449 4043 546 4101 scribit
570 4041 755 4102 Leunclavius
775 4060 810 4101 ex
829 4041 964 4101 Praetore
989 4042 1123 4101 Graeciae
1142 4043 1275 4101 historico
1288 4040 1333 4099 in-
1372 4042 1382 4054 ⁸

230 4124 318 4184 edito.
945 4184 948 4189 ,
1200 4132 1211 4145 “’

315 4208 435 4270 Basilius
453 4210 714 4291 Porphyrogenitus
735 4211 813 4290 apud
833 4211 974 4270 Zonaram
995 4211 1150 4289 trimnphat
1164 4203 1254 4293 τιύρρι
1268 4234 1335 4273 ται-

231 4294 359 4369 veneria
380 4292 486 4383 ὀρθίρι,
507 4294 550 4379 ἣν
563 4300 683 4377 κούφαν
695 4294 815 4361 scheid
830 4292 973 4381 ύημοίόρς
983 4298 1036 4361 nol
1051 4293 1146 4369 πολύς
1159 4291 1334 4379 ἅνθρωπος,
