3075 4867
510 269 558 358 us
580 289 728 358 coortu
756 289 840 359 cn.
865 290 949 358 xx.
1185 293 1258 364 aaa

159 457 293 534 consata]
310 458 374 518 ιω.
415 458 458 516 ιω
475 455 506 517 τι
525 463 588 518 απ
609 456 998 538 κατακομίσαντα
1018 457 1059 518 ιιι
1076 456 1162 519 aaa
1175 458 1256 520 παπ
1273 460 1296 516 r
1311 460 1365 517 εσυ
1473 442 1477 455 ’

159 551 251 620 cauit,
268 550 302 604 ut
316 550 361 603 est
373 541 404 600 in
416 541 534 602 historia
547 542 661 622 politica
682 542 700 602 l.
718 546 733 608 1
752 542 939 622 Turcograec
951 564 979 623 p.
995 544 1060 606 15.‘
1077 562 1174 604 verum
1187 547 1257 605 haec

158 629 353 696 benevolentia
371 626 545 690 sultanorurn
565 629 595 688 iu
615 628 788 708 patriarchas
804 649 865 688 uon
891 630 940 688 diu
958 628 1077 690 duravit.
1118 649 1185 689 nam
1203 632 1257 690 sub

156 716 214 774 isto
232 718 295 796 ipso
310 713 472 774 Mahornete
486 713 661 794 patriarchae
683 733 785 774 novem
800 715 984 792 exstiterunt,
1007 719 1039 773 et
1052 720 1164 792 praeter
1177 716 1257 775 Gen-

157 802 290 879 nadium,
317 801 366 876 qui
386 804 489 877 sponte
509 801 610 878 cessit,
633 802 678 860 vix
696 799 769 860 ullus
793 800 847 860 fuit
873 816 957 876 quern
980 799 1192 859 calumniatores
1217 803 1255 862 de

156 886 227 944 solio
248 905 307 960 non
329 885 478 944 deiecerint
501 885 545 944 vel
567 886 750 946 deiiciendum
771 905 823 964 per
840 885 945 946 Bassas
965 884 1100 944 Turcicos
1120 887 1255 964 curarint,

155 971 317 1030 introducto
335 971 419 1030 etiam
434 969 553 1030 duorum
565 971 670 1030 milium
682 973 852 1030 florenorum
869 973 987 1046 basceio,
1002 971 1081 1046 quod
1095 971 1256 1049 patriarcha

155 1075 252 1114 recens
272 1056 377 1114 electus
393 1056 552 1134 pendebat,
572 1063 602 1116 et
628 1075 725 1117 annuo
739 1054 849 1128 tributo
861 1057 981 1118 totidem
993 1056 1116 1135 milium,
1131 1056 1176 1115 cui
1189 1057 1255 1118 chu-

152 1146 243 1202 tatsio
257 1161 360 1202 nomen
373 1146 443 1200 erat.

239 1256 345 1317 Postea
353 1259 437 1317 etiarn
445 1259 580 1334 usquead
591 1258 660 1319 haec
669 1265 768 1320 nostra
776 1258 958 1340 temporaria
967 1277 1092 1336 unquam
1101 1255 1254 1339 parschis-

153 1343 261 1401 maticis
270 1361 334 1402 cum
346 1345 520 1404 schismatico
531 1344 688 1422 patriarcba
700 1346 762 1405 fuit.
780 1365 890 1423 semper
898 1345 1124 1424 suppullularunt
1131 1346 1254 1403 aemula-'

151 1429 244 1486 tiones
254 1429 380 1488 >invidiae
393 1436 424 1489 et
436 1430 562 1490 occultae
572 1431 715 1490 machinae
727 1433 765 1491 ad
775 1431 856 1491 huius
866 1431 990 1490 velillius
999 1432 1127 1503 exitium5
1142 1436 1175 1490 ut
1184 1430 1254 1488 mibi

151 1511 281 1572 videatur
295 1533 355 1573 aon
370 1515 433 1574 sine
447 1515 565 1574 consilio
581 1517 676 1575 divino
694 1517 773 1576 edita-
787 1536 852 1577 ‘esse
867 1518 897 1574 in
912 1516 1119 1592 Tu'rcograecia
1134 1515 1253 1575 historia

152 1597 267 1673 politica
280 1604 311 1657 et
324 1598 509 1662 ecclesiastica
524 1619 576 1660 seu
588 1602 773 1680 patriarchica
785 1621 879 1661 rerrun
892 1600 1123 1678 Cpolitanarum,
1144 1619 1179 1658 ex
1193 1616 1251 1676 qua

150 1685 301 1762 perspicue
320 1683 412 1744 elucet
427 1675 619 1745 schismatidos
640 1704 699 1746 non
713 1687 798 1745 modo
819 1704 883 1745 cnm
896 1704 1027 1764 supremo
1039 1685 1191 1745 catholicae
1205 1693 1252 1744 ec-

149 1766 256 1826 clesiae
272 1769 365 1846 capite
377 1789 429 1848 per
442 1771 587 1828 caritatem
600 1771 763 1830 coniunctos
778 1791 836 1830 non
845 1790 923 1849 esse,
945 1772 1024 1846 quod
1042 1790 1094 1849 per
1106 1790 1138 1828 se
1152 1770 1252 1847 liquet,

148 1853 200 1910 sed
213 1872 268 1911 nec
280 1854 354 1913 inter
368 1873 416 1932 se,
436 1875 499 1914 cum
516 1855 570 1914 sub
584 1856 747 1932 gravissima
761 1855 914 1915 infidelium
926 1856 1061 1914 servitute
1073 1861 1172 1914 mutuo
1187 1874 1251 1914 sese

147 1937 222 1996 miris
237 1937 374 1997 cuniculis
388 1940 537 2017 infestent,
563 1946 593 1999 et
612 1941 698 1999 modo
711 1939 787 2000 huuc
800 1943 886 2000 modo
899 1940 976 1998 illum
992 1941 1023 1998 in
1036 1940 1251 2016 patriarchalem

143 2022 284 2184 ptlpronrarn
297 2023 453 2086 Turcarom
469 2044 524 2106 ope
537 2024 692 2086 sublevent
719 2023 795 2086 valet
808 2025 937 2086 nimirum
949 2026 995 2085 hic
1006 2024 1090 2084 illud:
1106 2025 1155 2100 qui
1170 2030 1250 2103 pote,

173 2127 206 2168 us
221 2115 320 2187 urget
1239 2116 1243 2126 '

226 2209 381 2269 Phrannes
388 2207 521 2268 chronici
539 2211 560 2274 3
574 2208 614 2274 19
630 2209 718 2268 ferme
736 2210 892 2268 accuratius
905 2227 1011 2268 morem
1025 2207 1185 2270 declarandi
1198 2225 1250 2288 pa-

148 2294 300 2356 triarcham
315 2295 351 2354 ab
362 2295 531 2374 imperatore
548 2294 681 2353 describit
695 2313 780 2372 quam
797 2295 932 2354 Codinas.

214 2428 242 2480 p.
256 2411 309 2464 102
324 2427 351 2464 τ.
362 2410 389 2465 i.
405 2402 422 2462 ό
441 2400 567 2478 βασιλεύς
579 2401 637 2460 eiad
654 2403 777 2477 τούτων]
800 2408 834 2462 sd
850 2407 925 2461 lnam
943 2407 1083 2462 electorum
1097 2405 1202 2460 tertium
1221 2404 1251 2461 in

148 2478 318 2546 patriarcham
330 2477 506 2530 nominandum
518 2493 568 2528 non
583 2475 619 2529 ita
636 2482 754 2530 enteca
769 2477 933 2548 imperatoris
949 2476 1073 2542 libertas,
1089 2475 1151 2544 quin
1170 2474 1250 2528 omis-

147 2545 181 2598 sis
198 2548 376 2618 episcoporum
392 2544 523 2612 suffragiis
533 2561 590 2598 eum
607 2561 682 2612 quern
698 2546 792 2609 vellet,
808 2546 990 2599 cousuetudine
1006 2543 1184 2614 permittente,
1202 2543 1249 2595 de-

147 2615 247 2682 signare
267 2617 389 2686 potuerit.
420 2615 553 2666 Blastares
570 2614 623 2666 τοῦ
639 2617 668 2666 K
682 2615 820 2682 στοιχείου
846 2632 869 2669 c.
890 2616 939 2669 322
965 2614 1021 2667 τῶν
1042 2608 1095 2682 γὰρ
1119 2609 1249 2668 κανόνων

146 2680 269 2748 τῶντὰς
286 2678 442 2737 ἐπεισιόντων
458 2677 574 2750 ψήφους
590 2685 650 2744 τοῖς
671 2675 834 2744 ἐπισκόποις
853 2686 912 2744 τοῖς
939 2675 1073 2751 ἐπαρχίας
1094 2678 1247 2736 ἀνασωθέν-

146 2769 219 2820 των,
235 2751 273 2820 ἄρ
293 2771 353 2806 οντι
370 2746 402 2806 dl
419 2749 520 2820 μηδενὶ
539 2746 646 2804 τούτων
662 2744 765 2814 ἐξεῖναι
780 2755 925 2806 κοινωνεῖν
940 2750 1126 2820 κελευόντων,
1150 2745 1181 2803 oi
1214 2768 1247 2802 α-

146 2824 228 2884 σιλεῖς
243 2772 294 2876 nal
319 2821 369 2888 τῆς
390 2817 492 2888 ψήφου
515 2821 571 2872 τῶν
593 2813 750 2873 ἐπισκόπων
770 2819 854 2889 χωρὶς
869 2817 918 2874 καὶ
933 2816 1106 2890 πατριάρχας
1122 2817 1171 2873 καὶ
1223 2825 1247 2871 ι·’

146 2886 267 2954 σκότους
282 2885 499 2960 προβάλλονται.
519 2883 568 2940 dcci
585 2890 654 2956 γοῦν
669 2889 772 2958 τοῦτο,
789 2885 826 2950 ὣς
842 2885 928 2975 ἐόικεζ
946 2881 994 2942 lut
1009 2890 1049 2957 aqi
1067 2889 1178 2959 βασιλεῖ
1188 2889 1247 2940 Μι-

144 2953 216 3026 χαὴλ
233 2961 285 3015 τοῦ
301 2959 399 3012 Δοῦκα
415 2953 431 3012 ὁ
449 2955 652 3026 μητροπολίτης
669 2951 774 3018 ἐκεῖνος
789 2958 878 3026 Σίδης
893 2976 930 3012 τα
951 2959 1001 3026 τής
1018 2957 1156 3030 βασιλείας
1173 2953 1247 3024 ᾤκο-

145 3023 563 3162 lhtltllltffllt‘t‘
577 3020 1248 3156 ila'll“il⁸ilt⁰²lil⁹lle“i⁰’alllvllltlcli}

143 3157 273 3232 ἔνέργησε
289 3163 426 3225 δουλείας.
444 3114 507 3216 sillae
520 3180 614 3234 operas
633 3113 812 3236 litigiorum
829 3181 911 3233 aeque
928 3182 959 3218 nc
970 3113 1119 3216 alileam
1135 3163 1249 3233 impera-

144 3234 209 3285 toris
227 3233 388 3302 dispositioni
401 3233 529 3286 subiectas
545 3231 667 3286 adulante
690 3249 767 3303 supra
792 3234 893 3285 modum
917 3233 1013 3286 calamo
1035 3231 1125 3285 scribit
1141 3233 1247 3284 Blasts-

144 3319 196 3354 rea.
214 3301 247 3354 de
265 3303 311 3354 ΟΡ
329 3300 528 3370 patriarcharum
553 3301 680 3354 electione
696 3309 724 3355 et
745 3301 943 3369 inauguratione
967 3301 1044 3354 docta
1062 3299 1247 3370 praeclareque

143 3370 327 3424 illustrissimus
356 3370 492 3440 episcopus
517 3369 657 3424 vabrensis
685 3388 717 3425 eo
745 3371 864 3494 praesule
894 3371 971 3439 digno
993 3365 1190 3439 Ἅρχιερατικῷ.
1212 3370 1246 3421 do

143 3439 220 3492 trium
238 3438 363 3494 electione
378 3437 498 3494 facienda
513 3439 699 3494 accuratiorem
715 3439 748 3492 ha
768 3445 796 3492 et
809 3440 981 3493 narrationem
997 3455 1024 3509 p.
1043 3440 1094 3494 481
1112 3444 1141 3490 et
1156 3455 1214 3508 sqq.

153 3575 156 3580 -
211 3543 248 3597 lb.
269 3559 296 3597 τ.
309 3541 352 3599 15.
369 3538 481 3611 μήνυμα
496 3557 674 3611 nonnunquam
690 3542 867 3596 oadimodism
886 3541 996 3606 dictum,
1019 3538 1156 3610 aliquando
1173 3539 1246 3611 prin-

142 3611 208 3682 cipis
232 3613 389 3666 mandatum
412 3611 469 3664 sive
496 3612 576 3665 saecri
594 3619 664 3677 tum,
689 3610 733 3664 hic
758 3610 871 3664 eiusde·
893 3611 1037 3676 codicillos,
1059 3611 1148 3678 breue,
1171 3609 1246 3662 nobis

143 3682 246 3750 λττυτλ,
264 3677 411 3735 πιττάκιον
421 3679 524 3751 propria
541 3629 728 3750 veququs
745 3681 880 3749 significat.
897 3680 964 3734 datis
980 3680 1045 3733 enirn
1062 3678 1142 3747 regiis
1159 3678 1245 3748 diplo-

143 3750 255 3806 rnatibus
279 3751 384 3804 collatas
412 3748 550 3817 dignitates
576 3749 712 3804 firmabant
737 3751 915 3820 imperatores.
949 3751 1024 3804 Anna
1050 3747 1189 3801 Alexiados
1212 3749 1244 3801 2:

143 3811 244 3874 ldedt'ec
261 3814 314 3887 poio
331 3813 370 3887 μὴ
387 3817 439 3871 τοῦ
453 3815 658 3890 χρυσοβοόλλου
674 3814 774 3940 scipsos
797 3811 818 3888 ή
841 3813 969 3889 προσήκῃ
991 3812 1245 3887 καταπιμφθὲντος
1358 3845 1366 3858 ·

143 3882 265 3960 αὕτῷ,δ
283 3883 336 3958 τήν
352 3887 403 3941 τοῦ
418 3885 560 3956 Καίσαρος
575 3882 659 3953 ἆξίαν
673 3906 705 3943 το
726 3907 763 3960 τῳ
781 3881 921 3958 ἐχαρίζετο
939 3894 990 3941 etc.

211 4008 237 4060 p.
250 3991 301 4044 103
315 4006 342 4043 v.
352 3992 378 4044 2.
397 3985 507 4057 θρόνου
523 3985 673 4059 ήερανέου]
693 3991 776 4043 bonor
799 3995 827 4043 et
851 3991 923 4044 color
938 3989 1022 4060 qualis
1037 3990 1145 4046 Caesari
1158 3989 1244 4060 patri-

141 4057 236 4112 archae
252 4059 391 4124 tribuitur3
408 4077 439 4112 ac
458 4077 513 4114 eam
529 4063 619 4113 forsan
635 4059 668 4112 ob
685 4060 806 4115 remeius
824 4059 1019 4131 proclamationi
1029 4077 1059 4116 se
1072 4061 1170 4115 Caesar
1180 4059 1243 4110 sub-

140 4125 230 4186 trahit.
247 4129 308 4182 vide
324 4128 432 4182 dicenda
446 4129 480 4182 ad
490 4148 516 4184 v.
530 4129 564 4186 15
575 4136 601 4182 ct
611 4144 668 4198 sqq.

210 4229 246 4282 ib.
264 4249 289 4284 v.
303 4232 329 4284 6.
346 4225 510 4286 ἀνίστανται
527 4226 695 4300 ἀμφότεροι]
712 4233 798 4283 mutuo
823 4249 871 4285 nec
896 4250 946 4286 non
971 4231 1074 4302 aequali
1096 4228 1195 4283 honore
1214 4245 1244 4281 se

142 4297 230 4352 colunt
246 4296 385 4372 imperator
400 4307 428 4374 et
445 4301 609 4374 patriarchs3
626 4300 734 4370 dumque
750 4299 800 4355 sibi
815 4301 925 4357 invicem
942 4305 1094 4371 assurgunt,
1113 4298 1169 4370 pari
1186 4315 1245 4354 sese
