3075 4867
455 289 502 360 IN
519 291 667 361 count]
694 291 779 361 CAP·
804 293 916 366 XVII.
1160 297 1235 368 355
1345 369 1348 376 .

131 455 279 534 quaedam
301 456 332 518 iu
352 474 447 520 sacras
470 455 565 520 literas
586 459 617 520 S.
636 458 751 522 Ioannis
770 461 982 544 Chrymtumi,
1009 467 1042 522 ut
1061 463 1158 524 scribit
1177 463 1235 525 Zo-

130 562 225 603 noras

207 582 275 678 llil.
309 623 441 710 augustipr
463 625 491 676 et
524 622 806 707 ampliorupatriaroffi
833 627 892 680 aule
923 622 1071 713 Θνμαίτης
1098 631 1146 679 est.
1180 628 1235 680 (le-

132 691 235 745 drenus
252 693 279 746 in
295 693 421 776 Irenaeo
438 692 573 774 solatrum,-
596 710 650 776 sou
663 692 893 778 πατριαρχιίροὸ
916 692 1235 779 esromae-nopotem.

132 759 542 884 ffiiffiffi‘pfflffiffiff
551 767 670 884 ἔμμοροί.
696 769 819 817 memorat
833 764 898 818 nlud
919 765 1075 836 Augusteum
1090 765 1235 819 adiunctum

224 934 300 1000 itit:
331 935 535 1014 Aog'osteenem]
562 934 593 994 iu
606 934 757 1013 originibus
777 936 832 1015 Cp.
852 943 882 996 et
900 935 933 1015 in
948 938 1038 998 Suida
1053 955 1080 998 v.
1098 939 1236 1016 Augusteo

130 1017 207 1080 hoec
228 1022 265 1079 de
284 1019 468 1102 Augruteone
489 1020 627 1098 leguntur.
670 1025 765 1099 quinto
784 1023 827 1081 die
846 1027 940 1082 meone
966 1023 1087 1083 Octobris
1103 1025 1238 1102 praefecti

132 1111 278 1184 segionum
290 1107 363 1166 aclis
375 1111 405 1166 io
418 1107 601 1183 Augusteum,
622 1106 742 1166 uidelicet
753 1107 818 1187 soro
831 1108 968 1176 ίιίοιοτίο,
990 1109 1096 1168 clareas
1109 1110 1237 1168 ducebant

131 1193 164 1250 s'n
178 1191 302 1250 honorem
316 1195 360 1250 soi
370 1195 543 1270 imperatoris.
584 1195 665 1250 istum
678 1195 764 1266 r‘gc‘tur
778 1193 862 1252 locum
871 1193 969 1269 uulgus
983 1193 1175 1270 Augustemem
1186 1214 1237 1252 no-

132 1277 243 1354 minat,
263 1278 447 1356 inquestione
459 1279 554 1352 magni
571 1275 739 1335 Coeranum·
756 1284 782 1336 et
800 1279 897 1336 mettis
914 1282 971 1336 eius
990 1278 1122 1338 columnae
1136 1282 1239 1357 pentae

131 1366 209 1420 nens.
252 1359 350 1420 ideoet
369 1361 456 1420 locum
478 1362 670 1438 Angusteonem
689 1362 846 1435 nominavit,
868 1360 916 1441 μοι·
932 1367 1014 1421 oeteo
1036 1367 1171 1439 gentium,
1189 1363 1238 1422 loc

132 1450 175 1503 est
193 1442 290 1522 focum
313 1445 528 1522 mpedimento,
557 1444 701 1504 dicebatur.
727 1447 786 1504 ·de
806 1444 990 1524 Augusteone
1008 1447 1097 1506 multa
1119 1445 1236 1506 Nicetes

131 1528 294 1588 Choniatee
314 1529 344 1588 in
363 1528 462 1591 Alexio
478 1528 616 1590 Mauuelis
629 1531 767 1590 Comneni
781 1530 846 1591 filio.

204 1641 271 1696 s‘llst.
307 1641 402 1696 Suidee
420 1641 563 1714 interpres,
586 1659 637 1696 non
653 1643 697 1697 ille
713 1644 834 1730 volgatus
856 1642 903 1697 aad
924 1641 1043 1711 ignotus,
1067 1659 1085 1695 a
1107 1643 1234 1696 Gretsero

131 1707 251 1777 relatus,
276 1725 352 1763 caece
375 1711 477 1780 penitus
500 1718 527 1761 et
548 1711 637 1776 ignare
659 1707 710 1765 τὸν
731 1711 929 1779 Λνγοοοτεῶνα
952 1718 979 1764 et
1000 1705 1034 1764 τὸ
1050 1706 1235 1778 Αίγοοοτεῑον

131 1778 279 1831 confundit.
296 1779 329 1830 de
346 1777 459 1830 secundo
475 1777 578 1842 scripsit
597 1777 705 1844 Suilee,
730 1777 764 1830 (le
787 1779 869 1849 primo
893 1784 982 1832 noster
1005 1786 1105 1832 auctor.
1128 1775 1235 1849 Αὔγου-

130 1851 228 1901 στεῖον
246 1845 300 1899 ludi
316 1851 374 1897 aunt
390 1844 417 1898 iu
434 1845 554 1898 honorem
570 1845 681 1913 Augusti
697 1845 797 1899 Romae
813 1847 951 1911 celebrati,
977 1847 1075 1901 Lutinis
1095 1850 1120 1900 A
1190 1857 1235 1902 to-

131 1916 188 1968 lius
206 1914 246 1967 ita
261 1913 350 1967 scribit
365 1915 484 1984 vulgatus
503 1912 569 1966 inter
589 1931 645 1978 τοις
662 1912 778 1983 idemque
800 1917 880 1969 refert
902 1915 1069 1985 Dempsterue
1092 1916 1119 1968 ln
1162 1934 1235 1969 oms-

131 1985 173 2037 nia
191 1982 400 2052 Antiquitatibus.
418 1931 594 2050 Asiyooomull
611 1983 683 2034 locus
699 1989 740 2034 est
756 1983 818 2047 GP,
836 1984 866 2036 S.
884 1983 998 2038 nimirum
1015 1985 1128 2054 Sophiae
1140 1985 1235 2039 utrium

131 2053 182 2106 sub
208 2051 357 2104 Thomeite.
382 2043 414 2105 lv
437 2055 499 2112 sole
521 2049 685 2119 προανλίοις
707 2051 759 2104 τοῦ
780 2052 831 2120 τῆς
849 2049 969 2120 μεγάλης
993 2045 1136 2120 ἐκκλησίας
1150 2054 1234 2120 ναοῦ,

131 2116 224 2189 ἤγοντο
240 2113 272 2174 ἐν
290 2109 313 2190 ᾦ
331 2120 440 2188 εἴρηται
461 2114 665 2187 Alemonam,
689 2118 788 2172 iamiam
811 2120 948 2190 explicabit
969 2127 1060 2172 auctor
1080 2121 1144 2190 ipse.
1166 2121 1234 2173 unde

132 2197 161 2242 et
177 2185 232 2257 τὴν
249 2191 301 2241 τοῦ
317 2183 524 2257 Λῦγοοοτεοῖνος
539 2183 659 2241 αὐλαίαν
675 2196 753 2241 vocat
770 2188 877 2242 Nicetes
894 2189 920 2240 in
937 2188 1027 2242 Alexio
1043 2189 1163 2242 secundo.
1185 2189 1233 2241 ad-

131 2263 208 2311 verte
225 2263 355 2340 repertum
371 2273 471 2326 quoque
488 2256 534 2309 GP
551 2251 756 2324 Αίγονστίιονα,
774 2258 914 2311 columnam
931 2257 1045 2310 nimirum
1057 2274 1173 2321 nereum,
1190 2257 1233 2309 oui

130 2326 269 2378 Itutioianr
288 2331 398 2379 emtuam
416 2341 444 2379 su
464 2325 597 2396 erpositanr
621 2331 709 2378 narrat
730 2326 862 2379 cedrenus
879 2325 977 2378 ineius
994 2326 1062 2375 vitae
1080 2321 1188 2390 ἐπληρ’

131 2389 165 2447 nt
183 2391 234 2448 καί
252 2391 269 2448 ὁ
277 2395 404 2514 fulcario
418 2412 435 2447 κ
448 2411 486 2448 ων
503 2388 518 2446 ὁ
535 2389 632 2481 piper,
657 2389 673 2446 ὁ
692 2389 875 2459 Αὖγοοοτίαν.
901 2397 929 2442 et
950 2392 1073 2443 inferiunt
1098 2380 1216 2452 οὖτοςδ

131 2457 206 2516 ἔστιν
222 2457 238 2518 ὁ
258 2482 275 2517 κ
288 2481 326 2516 ων
346 2457 362 2517 ὁ
380 2458 522 2530 λεγόμενος
538 2459 718 2528 Λινοοστίοον.
737 2458 848 2528 quaeda
864 2463 1029 2526 Augusteoue
1045 2465 1121 2527 gustu
1132 2467 1161 2512 et
1171 2461 1229 2512 foro

131 2532 299 2603 cupedinario
317 2531 343 2584 iu
361 2531 463 2583 Graeco
481 2529 575 2581 Suidue
597 2534 670 2581 textu
687 2545 738 2579 nou
760 2528 919 2581 exstantibus
937 2528 1018 2580 refert
1039 2529 1132 2581 citetur
1147 2528 1231 2581 inter·

130 2613 193 2670 pres
212 2619 227 2653 e
247 2601 281 2652 ud
298 2601 465 2664 Gretserum,
483 2596 656 2650 somniantium
672 2595 722 2648 cibi
739 2602 813 2660 aunt,
831 2595 935 2661 ἱαιιιΙιὶ,
958 2595 1075 2666 insipidi,
1096 2597 1164 2649 vani.
1188 2600 1231 2650 est
1304 2639 1306 2643 .

132 2674 161 2721 et
170 2669 307 2722 trichnium
318 2669 370 2721 soei
380 2660 571 2734 Αὖνονοτίας,
585 2665 617 2717 de
629 2680 679 2750 qpo
692 2665 864 2734 Theophanes
872 2665 898 2716 in
911 2665 1086 2735 Gopronymo=
1103 2658 1230 2785 losiptp

132 2729 165 2792 le
180 2738 222 2808 τῷ
239 2735 367 2807 τρικλίνῳ
383 2737 436 2788 τοῦ
452 2729 626 2802 Αὖγονοτὲως
643 2751 662 2800 η
681 2732 822 2803 βασίλισσα
838 2728 955 2802 Εἰρήνη.
972 2733 1090 2803 idemque
1106 2740 1148 2789 est
1156 2748 1208 2803 quo

132 2806 228 2860 dicitur
244 2800 365 2876 χρίσοτλν
379 2803 546 2874 τρικλίνιον,
562 2817 578 2855 a
595 2801 761 2856 lucinianae
777 2809 947 2869 anteactum
964 2801 998 2855 da
1013 2818 1064 2872 qao
1079 2800 1148 2856 olibi.

217 2913 255 2971 ib.
275 2929 301 2970 v.
312 2921 314 2929 ’
326 2912 371 2974 10.
404 2905 567 2988 epicombia]
594 2905 690 2965 Iunius
713 2907 753 2964 eit
767 2900 928 2987 ἐπικὸμβια
941 2908 1028 2966 fuisse
1040 2908 1169 2982 πίιοίίίο,
1189 2908 1230 2966 sic

133 2995 210 3056 dicta
224 2996 407 3072 quodessent
420 2988 527 3076 κίμβοι
548 2986 650 3056 ίποῖνα
673 2985 773 3054 nosue
780 3037 793 3070 ,
817 2993 886 3073 qnod
905 2993 968 3052 nolli
982 3012 1064 3071 supro
1086 3001 1230 3066 suessent,

133 3083 228 3160 quotus
242 3086 318 3139 erant
330 3083 431 3140 nummi
445 3085 582 3158 propterea
602 3077 777 3152 denteleni,
798 3098 830 3137 oe
849 3081 926 3136 lectu
941 3079 1082 3157 populeos,
1104 3081 1135 3135 e'o
1155 3097 1230 3155 paea

132 3167 323 3238 mittebantur,
353 3165 519 3242 offenderent.
561 3163 613 3220 aed
636 3163 705 3220 siue
721 3161 806 3222 dubio
830 3162 928 3220 melius
953 3163 1034 3219 scivit
1058 3160 1231 3239 Curopolata

132 3249 204 3326 quid
224 3251 320 3305 essent
341 3241 518 3330 ἐπικόμβια,
545 3265 629 3324 quam
649 3246 753 3306 lunius.
806 3245 848 3305 ita
862 3266 931 3324 ergo
951 3246 1010 3306 ille:
1037 3241 1176 3326 τμήματα
1197 3245 1233 3310 le

132 3334 255 3396 πανίαν
269 3326 446 3406 κόπτοντες,
463 3333 614 3412 porticulus
623 3353 657 3392 ex
667 3335 764 3410 poeuis
776 3339 935 3407 resecantes,
956 3339 981 3390 et
994 3335 1023 3391 eis
1038 3330 1154 3408 quolibet
1163 3350 1233 3408 por-

133 3418 221 3478 tlcule
230 3419 318 3496 panni
326 3420 381 3476 triu
391 3437 473 3478 aureo
482 3421 639 3478 moneta
650 3423 676 3476 ct
689 3417 797 3476 totidem
817 3423 945 3492 argenteo
962 3421 988 3475 et
1008 3421 1061 3473 tres
1077 3414 1161 3473 obolos
1176 3414 1233 3474 ccl-

134 3501 271 3578 ls'gootes,
299 3504 446 3580 pulsione
469 3501 712 3562 inmultitacls'nem.
762 3501 903 3578 ῥίπτουσι
925 3495 957 3562 δὲ
977 3493 1131 3572 τοιούτους
1156 3491 1234 3562 sisso·

134 3586 272 3666 ὃίσμονς.
310 3589 456 3664 proluunt
466 3605 526 3646 uero
539 3585 689 3646 lucumoni
696 3584 863 3664 fesciculos,
885 3589 915 3643 et
928 3593 961 3644 ut
974 3584 1014 3643 sic
1028 3585 1135 3660 dicam,
1157 3583 1231 3661 ligo·

133 3676 228 3746 turos3
241 3669 344 3730 Latine
356 3671 470 3732 πίοιίίίο
480 3672 534 3730 diei
543 3675 671 3751 possunt.
692 3670 763 3730 ethi
777 3666 911 3750 fasciculi
922 3675 1058 3730 vocantur
1071 3661 1233 3748 ἒπικόμβια

132 3757 245 3814 auodo
265 3774 322 3832 qno
335 3755 511 3834 colligantur,
538 3775 589 3815 seu
610 3757 688 3832 quod
698 3750 842 3836 culpatione,
859 3756 914 3814 hoe
926 3761 971 3814 est
985 3754 1076 3832 nodis,
1092 3754 1229 3813 constriu-
1249 3800 1251 3805 .

133 3846 246 3916 gantur.
274 3842 311 3899 de
335 3841 435 3901 iisdem
451 3841 638 3922 ίπικομβίοις
660 3862 689 3923 p·
712 3845 760 3908 97>
779 3860 806 3900 r.
828 3844 858 3903 2.
883 3842 920 3899 de
939 3839 1025 3900 verbo
1045 3832 1228 3918 ίανκομβόω,
1247 3856 1268 3910 P
1284 3858 1337 3916 254

134 3941 202 3984 num
223 3925 361 3986 Graecum
382 3927 421 3986 eit
442 3945 480 3986 an
498 3925 660 4004 barbarum,
681 3925 810 4004 disputat
827 3923 945 3984 Plrotius
963 3925 994 3984 iu
1017 3925 1133 4003 tepiat
1146 3943 1182 3983 ex
1194 3924 1228 3981 iia

136 4025 209 4082 quae
218 4029 309 4088 nuper
325 4013 355 4072 iu
373 4010 462 4070 lucem
481 4012 654 4088 prodierunt
696 4012 732 4069 de
747 4011 847 4069 iisdem
860 4009 1046 4091 ἐπιτυμβίας
1054 4010 1158 4068 eadem
1168 4008 1230 4080 fere

136 4090 255 4154 loannes
275 4097 488 4156 Cantaeuzeuua
500 4095 518 4154 l.
537 4101 553 4160 l
569 4098 606 4156 de
619 4093 698 4154 bellis
711 4097 786 4156 iuter
798 4094 974 4154 Andronicos
986 4114 1070 4154 auum
1086 4099 1118 4152 et
1139 4096 1228 4169 nepo-

135 4182 210 4251 tem;
231 4181 285 4239 nisi
298 4183 375 4258 quod
388 4200 423 4242 ea
436 4181 533 4261 spargi
547 4182 631 4259 dicit,
651 4188 804 4264 postquam
816 4182 968 4259 imperator
984 4182 1039 4239 iam
1055 4179 1184 4236 inrmetra
1197 4180 1229 4233 et

135 4261 969 4350 imugurauuextemploegrediur(c1p.2osnonn).
1009 4281 1104 4323 rursus
1124 4261 1162 4320 de
1180 4260 1229 4318 iis·
