3075 4867
551 273 597 343 IN
618 275 768 352 cousstl
786 275 886 348 sshP.
906 274 948 344 ΙΙ.
1196 356 1197 363 ¹
1233 276 1306 349 183

200 446 277 505 λοοκς
301 454 335 492 sc
355 438 458 493 tandem
481 453 540 493 eum
563 440 598 495 ab
619 440 776 511 imperatore
801 438 840 493 his
865 439 954 495 verbis
966 438 1109 493 institutum
1125 442 1175 495 “tc
1192 456 1307 514 magnos

201 510 341 580 logotheta
370 510 461 573 esto,·“
491 526 558 577 quse
584 509 634 562 sibi
660 511 730 563 dicta
753 510 884 577 Phranzes
908 510 1015 575 usserit,
1046 510 1162 579 quamvis
1186 510 1251 563 clam
1268 510 1305 563 itu

201 585 304 633 creatus
323 594 371 649 pro
391 596 462 630 more
479 578 560 631 officii
576 580 754 649 imperatorem
771 578 939 632 venerarios
959 578 1061 649 publice
1079 578 1185 631 adorare
1209 579 1306 632 vetitus

201 647 291 703 luerit.
325 653 454 701 caeterum
482 665 516 700 an
545 648 587 699 hic
609 646 694 717 μέγας
716 643 872 715 tevestem
892 647 959 699 idem
985 648 1020 701 sit
1038 647 1081 717 qui
1097 648 1153 700 τῶν
1169 646 1307 714 σικρέτοον

202 726 231 771 et
247 716 393 785 amplissimi
408 722 512 769 senatus
527 724 617 786 caput,
635 717 697 771 mihi
711 734 779 785 pene
793 716 940 769 indubiumr
966 718 1011 769 'ubi
1030 717 1095 770 enim
1111 716 1186 773 buius
1200 718 1306 783 neruo,

201 787 235 841 sle
250 786 294 838 illo
312 786 393 839 ultum
409 786 442 855 fit
456 785 602 853 silentium,
628 805 659 841 ac
682 803 739 841 curu
756 800 863 853 mugnus
887 784 930 837 ille
953 786 1091 855 personat,
1117 786 1182 838 alius
1205 793 1307 839 secrete
1397 816 1400 823 ·

201 856 302 908 latitetr
332 872 364 907 an
392 872 443 907 non
466 854 524 907 ideo
549 856 610 923 quie
634 854 786 908 binominem
810 852 921 907 diversis
942 850 1099 935 temporibus
1117 871 1144 905 se
1161 854 1225 906 fecit
1241 854 1305 908 hoec

201 920 332 991 dignitas!
367 929 439 977 certe
455 923 599 993 scrupulum
617 940 715 978 ornnem
732 942 748 978 a
766 923 873 977 terenda
890 929 1034 976 sententiae
1051 922 1191 975 huiusmodi
1215 924 1306 977 cernitu
1345 940 1348 944 ’

200 993 310 1047 Nicetes
328 1000 432 1046 unieret
445 993 472 1045 in
490 992 612 1046 librorum
630 994 706 1046 titulo
725 1009 778 1063 quo
798 1010 828 1045 se
843 988 999 1059 λογοθέτην
1021 992 1077 1045 τῶν
1100 987 1235 1057 σεκρέτων
1255 990 1305 1045 καλ
1363 1032 1368 1041 ,

200 1056 249 1116 tul
262 1064 318 1117 τῶν
331 1062 461 1130 κρίσεων,
487 1063 582 1117 secreti
597 1063 752 1129 logothetam
768 1066 796 1113 et
811 1060 912 1113 iudiciis
930 1064 1116 1130 praepositum,
1144 1066 1171 1113 et
1181 1060 1306 1113 iuMur-

201 1131 311 1210 zuphln,
335 1124 382 1184 int
406 1133 459 1201 τοῦ
473 1125 563 1209 ἄκρον
581 1133 680 1200 στῆσαι
695 1132 746 1199 τῆς
761 1125 915 1198 συγκλήτου
933 1129 1055 1202 βατῆρος
1071 1126 1119 1183 καλ
1135 1124 1166 1181 ἐν
1182 1134 1242 1191 τοῖς
1258 1147 1301 1182 σε-

199 1196 541 1322 ttiztittittttr
558 1196 1304 1323 {initiuntiffiiitfti¹⁵⁶iit⁸t0iiti⁰⁰¹ti

199 1355 320 1460 mpgpupu
350 1339 518 1462 lpagothetsmf
532 1288 646 1461 elgippeg
662 1339 831 1459 (llpgothetarp
851 1338 958 1457 insuper
986 1286 1015 1392 el
1040 1335 1112 1389 urbis
1142 1285 1303 1459 μζιιολοίιιιιιι

199 1424 679 1548 ttnt²⁸ntint⁰ttmt2
694 1422 1303 1547 ‘itt‘ritutiqtttttttttpttznti

200 1545 338 1615 populique
357 1547 436 1599 rebus
457 1547 629 1617 praepositum
653 1545 734 1598 eidem
749 1544 862 1598 voluisse
877 1544 968 1597 lavere
984 1548 1013 1597 et
1029 1542 1183 1595 auctoritate
1216 1542 1302 1596 ublicu

200 1616 376 1667 confirmare?
406 1616 564 1683 logothetam
579 1614 673 1669 secreti
689 1619 778 1669 Annae
796 1614 942 1667 Commenae
957 1614 974 1665 l.
992 1614 1026 1679 3,
1052 1618 1078 1665 et
1093 1612 1161 1681 apud
1209 1612 1301 1664 icetsm

152 1698 155 1710 ·
200 1684 286 1737 statim
300 1685 348 1736 suh
365 1683 490 1737 historiae
504 1684 604 1750 limine,
621 1692 648 1736 et
663 1684 690 1737 iu
707 1681 799 1736 Isaacii
820 1683 913 1750 Angeii
928 1682 947 1737 l.
964 1682 981 1735 3
998 1682 1075 1751 lego,
1094 1697 1209 1749 magnum
1227 1681 1302 1748 logo-

200 1755 297 1805 thetam
314 1752 381 1823 apud
398 1753 572 1824 Nicephorum
586 1755 732 1819 Gregoram
748 1759 776 1805 et
799 1769 830 1805 eo
853 1750 1026 1823 posteriores,
1053 1751 1211 1818 logothetam
1234 1749 1301 1802 nude

199 1828 327 1893 sumptum
343 1821 387 1875 vel
404 1822 456 1875 τοῦ
472 1822 583 1892 γενικοῦ
599 1822 688 1875 addito
705 1820 774 1892 apud
792 1838 879 1875 omnes
897 1820 991 1875 Niceta
1007 1819 1134 1889 scriptore
1146 1818 1302 1891 superiores.

283 1950 313 2007 p.
328 1932 349 1991 9
362 1946 390 1987 r.
407 1930 458 1991 10.
478 1927 697 1987 Protosebestus
709 1932 923 2007 primsugustus,
935 1932 970 1985 ut
980 1926 1099 1985 Wolfius
1110 1930 1218 1984 vertere
1225 1944 1302 1985 aura-

92 2071 96 2080 ,
198 2013 257 2073 bar
277 2013 409 2091 Rogerus
423 2014 454 2071 iu
472 2011 629 2073 Annalibus
651 2012 826 2092 Anglicsnis:
848 2016 896 2091 qui
907 2012 1052 2071 uocabatur
1067 2012 1168 2069 Graece
1187 2016 1303 2088 protose-

198 2101 303 2173 lastos,
324 2100 426 2158 Latine
439 2118 521 2157 comcs
526 2100 676 2179 palatinus.
693 2098 882 2176 protosebesti
898 2097 1021 2173 dignitas
1032 2095 1133 2153 dicitur
1145 2094 1190 2151 hic
1203 2095 1301 2153 ordine

198 2182 306 2243 decima
319 2185 418 2257 tertia;
432 2189 463 2242 ct
476 2185 517 2242 ita
529 2190 575 2243 est
589 2184 619 2244 in
631 2190 731 2243 nostro
741 2184 845 2242 indice:
863 2182 893 2239 in
906 2181 1035 2257 catalogo
1047 2179 1118 2238 Iuris
1129 2180 1301 2237 Graecorum

195 2269 215 2328 h
230 2276 250 2332 2
266 2271 402 2328 decimum
417 2275 548 2345 quartum
561 2268 655 2330 locum
674 2269 792 2329 obtinet
820 2268 851 2328 in
869 2272 968 2328 nostro
988 2284 1108 2343 magnus
1130 2265 1301 2325 domesticus

198 2362 316 2431 quartus
330 2361 401 2432 ests
411 2356 442 2413 iu
454 2354 503 2413 illo
519 2356 665 2433 septimus.

263 2448 296 2507 ‘0
321 2446 565 2522 κρωτοσὲβαστος]
595 2448 737 2505 inauditum
766 2454 829 2502 ante
857 2448 939 2503 Alerii
970 2447 1093 2502 Gomneni
1120 2452 1220 2517 tempus
1252 2462 1299 2499 no·

196 2539 271 2589 men3
296 2540 328 2575 ac
351 2522 398 2575 uhi
419 2537 476 2573 eum
497 2522 720 2574 sebastocretoros
743 2524 771 2571 et
795 2518 1027 2589 ponhypersebasti
1043 2524 1208 2572 commentum
1225 2517 1299 2569 Anna

196 2591 253 2643 filia
275 2596 365 2645 narrat
385 2590 405 2644 l.
426 2591 461 2657 3,
492 2589 530 2642 ihi
549 2606 671 2657 generum
696 2585 849 2641 Taronitem
871 2588 1040 2658 protosehusti
1062 2594 1089 2639 et
1108 2584 1300 2654 protovestiarii

197 2660 322 2726 dignitate
346 2666 463 2743 auctum,
482 2657 623 2745 humanum
639 2673 703 2743 vero
721 2660 828 2739 iratpem
848 2658 1054 2739 protosebnstum
1070 2653 1233 2737 clarissimum
1251 2671 1299 2707 vo·

196 2737 296 2795 catum,
321 2730 417 2782 refert:
442 2744 460 2780 ο
484 2726 625 2793 Λὸριανος
647 2746 663 2780 ο
684 2725 870 2791 αὸελφοςτου
885 2742 1056 2792 κρατοοντος
1070 2723 1299 2793 πρατοσεβαστσς

196 2794 326 2862 ἀξιοῦται
350 2790 599 2864 περιφανέστατος.
632 2810 692 2847 mox
716 2794 816 2863 absque
839 2795 923 2847 medio
941 2794 1043 2847 subdit:
1068 2790 1176 2847 τούτων
1193 2787 1225 2845 <ll
1242 2792 1299 2845 τῶν

196 2862 363 2935 ἀξιωμάτων
376 2861 431 2933 τὴν
447 2864 629 2933 καινοτομίαν
645 2859 661 2915 ὁ
679 2858 744 2933 ἐμός
766 2859 860 2931 πατὴρ
882 2858 1092 2931 προοεξειλρατο.
1128 2862 1192 2913 alios
1210 2868 1299 2931 proto-

196 2938 314 2989 sebsstos
338 2934 532 3006 protovestiarii
554 2934 681 3001 dignitate
706 2933 840 2985 coniuncta
860 2933 969 2985 Nicetes
987 2933 1121 2999 Gregoras
1138 2930 1306 2995 (ientacuze-¹

196 3022 245 3071 nus
262 3011 406 3059 recensent.
442 3002 474 3055 ad
493 3002 609 3057 hierium
626 3007 653 3055 et
671 3004 769 3055 Annam
784 3003 872 3055 redeo.
904 3002 963 3071 ipsa
980 3001 1025 3055 uhi
1044 3002 1158 3054 Venetos
1175 3000 1299 3053 bellorum

197 3075 279 3127 socios
296 3075 369 3127 donis
386 3073 553 3127 othonorum
570 3072 676 3125 cumulis
693 3089 708 3124 a
725 3079 801 3140 patre
816 3077 995 3141 compensatus
1018 3078 1119 3134 narrat,
1142 3068 1226 3137 ipsum
1244 3068 1299 3120 rei-

196 3143 315 3213 publicae
331 3143 422 3195 ducem
437 3142 676 3212 protosebsstorum
693 3141 819 3208 dignitate
836 3148 862 3193 et
878 3141 911 3193 sti
932 3138 1032 3206 endiis,
1048 3138 1218 3210 patriarcham
1236 3152 1298 3187 vero

196 3212 385 3282 pervenerandi
402 3210 594 3281 appellatione,
617 3210 710 3263 collato
728 3227 779 3261 non
804 3209 922 3263 illiberalr
946 3210 1083 3273 donativo,
1107 3206 1297 3259 cohonestatum

196 3282 297 3339 scribit.
331 3282 414 3335 rerba
435 3271 489 3333 eius
507 3286 581 3335 sunt:
609 3273 641 3341 ὃς
658 3273 706 3331 διὰ
723 3279 833 3332 πολλῶν
850 3274 969 3341 τούτους
982 3272 1171 3346 ἀμειψάμενος
1187 3273 1299 3339 δωρεῶν

195 3348 246 3403 καὶ
270 3351 352 3419 τιμῆς
378 3346 428 3403 καὶ
454 3343 542 3402 αὖτόν
569 3343 620 3402 triv
648 3347 739 3402 δοῦιια
768 3348 897 3409 Βενετίας
923 3348 966 3402 coi
985 3346 1041 3399 τῶν
1062 3339 1298 3415 προτοσεβοὶστων

195 3413 331 3506 ἅξμῶματμ
347 3412 415 3487 pasci
431 3411 583 3501 cricp‘ripuc
599 3411 724 3503 ἐτίμησεν
766 3412 919 3485 ύτιὲρτιμον
939 3400 970 3468 ti
989 3410 1038 3469 καλ
1054 3409 1105 3467 τὸν
1121 3408 1298 3496 πατριμλργην
1346 3476 1347 3483 ¹

196 3506 290 3541 αοτων
310 3487 409 3556 netum
431 3503 501 3555 μετα
526 3504 577 3554 της
597 3489 703 3553 αλογου
727 3455 821 3555 λόγος.
856 3501 980 3553 nusquam
1005 3491 1090 3535 tamen
1114 3486 1171 3536 erat
1195 3482 1298 3549 αλογος

194 3552 283 3626 ρόγα,
307 3574 356 3609 nec
377 3557 405 3607 in
430 3554 556 3609 rationem
575 3554 716 3619 militabat,
741 3571 800 3607 cum
816 3554 928 3606 Venetos
936 3564 948 3619 ,·
970 3558 1000 3604 ut
1017 3553 1056 3604 sui
1071 3550 1235 3621 patriarchae
1252 3564 1295 3601 sn-

194 3634 340 3709 stentarent
355 3625 484 3707 inopiam,
499 3640 581 3693 pauco
599 3629 816 3707 retro-tempore,
833 3638 899 3705 anno
915 3621 1036 3675 videlicet
1053 3623 1134 3703 10:13,
1154 3620 1299 3701 Gregorius

193 3696 457 3817 titttittt‘t
468 3692 970 3832 ”titttttttitttritttt2
990 3690 1296 3827 „icqlbiiessiiffliif

192 3781 308 3903 lidisque
324 3802 410 3903 liquol
426 3800 516 3901 cipro
534 3830 605 3897 rius,
623 3828 690 3900 quo,
709 3831 778 3885 siout
792 3830 931 3899 imperator
946 3799 1041 3893 cribro,
1053 3796 1233 3895 'subsignandi’
1246 3844 1294 3895 po-

193 3910 314 3955 testatem
331 3909 423 3957 nactus
440 3908 488 3955 est.
550 3900 628 3954 icetus
653 3901 686 3953 de
710 3900 800 3954 Alexio
817 3899 998 3969 protosebssto
1014 3898 1042 3949 iu
1061 3896 1150 3949 Alexio
1167 3894 1294 3949 Manuelis

194 3972 263 4034 lilio:
284 3968 376 4039 lippos
396 3966 428 4023 ἐκ
445 3965 576 4040 βασιλέως
592 3966 727 4037 ἐξήνεγκε,
738 3964 777 4036 μὴ
793 3962 882 4030 ἄλλως
898 3962 1094 4029 εὖνταρσὶδεκτα
1109 3965 1223 4017 οἴεσθαι
1235 3958 1293 4017 ,ὅσοι

193 4034 361 4109 ἡβασιλική
387 4037 447 4109 γελρ
472 4033 691 4105 ὑποσημαίνεται
712 4033 878 4105 γράμματα,
898 4033 926 4089 sl
949 4032 986 4159 pp
1011 4031 1150 4101 πρότερον
1174 4028 1293 4113 ὀφθεῖεν

192 4110 234 4179 τῷ
254 4104 378 4179 Ἄλεξίς),
404 4105 453 4160 καλ
477 4100 552 4160 οὕτω
568 4100 620 4174 τὴν
634 4099 729 4169 δεξιὰν
745 4105 785 4176 τῷ
801 4104 955 4177 βατραχείῳ
986 4097 1086 4166 arunte
1101 4098 1223 4173 χρώματι
1239 4117 1293 4167 την

168 4203 173 4213 ·
192 4177 247 4231 τοῦ
262 4171 390 4245 ἐρυθροῦ
408 4170 591 4245 λαισημασίαν
608 4170 776 4247 βραβεύσειε.

267 4265 312 4327 'In
325 4270 424 4327 nostro
442 4265 535 4326 nullm
548 4270 592 4324 est
615 4257 761 4337 ὄῧτιατος
777 4266 837 4326 roiv
853 4258 1051 4341 φιλοσόφων,
1073 4276 1188 4319 summus
1204 4257 1296 4338 pluto-
