3075 4867
269 299 345 375 294
433 303 641 374 euersum
653 306 709 371 ET
723 303 858 373 Gouul
870 304 1206 373 COMMENTARIUS

270 466 340 519 illum
357 469 420 518 vota
437 464 577 535 capientes.
595 463 752 535 quorundam
773 464 915 519 huiusmodi
939 482 1039 521 mosum
1061 468 1196 522 acerbiore
1216 468 1244 523 ln
1263 468 1376 539 impera·

271 542 353 587 torem
371 536 545 605 Nicephorum
563 544 644 589 motus
659 536 709 587 bile
729 536 831 590 rettulit
846 535 874 588 iu
891 552 937 589 sna
954 538 1082 607 legatione
1105 538 1283 607 buitproudus.
1317 538 1376 590 Leo

272 605 460 658 Grammaticus
477 612 522 657 aut
558 605 622 656 nivis
635 603 699 656 elius
709 605 735 657 in
748 604 836 657 Leone
849 608 982 660 Armenios
999 601 1055 660 ίιπό
1067 603 1182 660 πάντων
1199 601 1379 692 ἐδοξάζοντο,

270 673 319 727 καὶ
342 669 372 726 οί
393 674 478 741 δῆμον
501 622 630 759 &pellicos
654 670 799 741 ποιήματα
824 669 893 728 καθ’
922 672 1039 729 ἕκαστον
1062 666 1131 745 ἦχον
1147 673 1218 740 πρός
1234 676 1379 743 ενφηιιίαν

270 738 364 796 αὐτῶν
386 744 482 795 πᾶσαν
501 738 610 811 nonoris
634 742 781 803 κολακείας
801 738 971 811 παρέχοντα.
993 747 1103 797 observa
1127 746 1237 797 musicos
1260 752 1336 797 tortos
1360 761 1378 797 a

271 812 382 865 Graecis
405 819 465 865 octo
489 810 632 875 numerari,
656 815 684 863 et
705 810 738 863 ad
763 811 919 880 singolorum
942 813 1107 867 inflexionem
1130 814 1232 883 poetica
1252 814 1380 899 gummula

270 882 418 939 referuntur
432 881 577 934 decantate.
594 878 669 943 vide,
686 879 709 932 si
725 880 793 932 tanti
806 887 862 944 est,
878 881 1066 951 Enchologium
1082 890 1197 936 nostrum
1211 900 1239 935 v.
1255 900 1334 951 ηχος.

340 984 365 1036 p.
379 968 414 1021 53
432 984 460 1020 v.
478 967 503 1020 5.
521 961 539 1035 ἡ
558 960 681 1035 εὐφημία
694 964 749 1017 τῶν
764 959 934 1035 ὀνομάτων]
950 967 1120 1037 pronuntiatis
1135 984 1223 1021 eornm
1234 966 1379 1020 nominibus

270 1044 451 1105 nuncupantur
467 1042 547 1104 vota,
564 1051 671 1105 quorum
691 1036 774 1088 torma
791 1036 856 1088 haec
874 1043 917 1089 est
932 1054 965 1089 ex
982 1037 1142 1121 Euchologio
1167 1046 1196 1089 et
1211 1036 1283 1088 aliis:
1302 1031 1378 1101 ὑπὲρ

271 1104 328 1157 τοῖν
344 1099 545 1173 εὐσεβεστάτων
561 1100 725 1157 coccineum
740 1100 789 1156 ιιαλ
812 1105 994 1173 φιλοχρίοιων
1019 1106 1153 1178 dacoleno
1174 1100 1254 1173 ἡμῶν
1267 1100 1378 1171 Ἀνδρο-

270 1174 352 1227 νίνου
368 1176 416 1229 ιιαλ
438 1169 552 1243 Μιχαὴλ
576 1175 628 1226 τοῦ
650 1172 750 1237 ανρίον
767 1171 923 1242 δεηθῶμεν.
954 1183 983 1226 et
999 1176 1040 1244 roi
1056 1168 1240 1246 εὗσεβεστιίσφ
1263 1171 1311 1226 καί
1328 1192 1378 1241 φι-

271 1240 403 1327 λοιρίσιῳ
420 1240 541 1313 δεσπότῃ
558 1238 638 1312 ἡμῶν
651 1238 815 1313 Ἆνὸρονίιιῳ
832 1238 923 1297 πολλὰ
937 1238 975 1297 τὰ
994 1239 1052 1312 ἔτη.
1075 1248 1149 1297 Anna
1159 1244 1192 1297 de
1203 1259 1233 1297 te
1245 1244 1302 1313 ipsa
1313 1243 1334 1299 l.
1346 1244 1378 1295 62

272 1306 1260 1451 ιιιοὗνινλιιιλιολιιῑιοὶιτηιολαῑέριιΐι
1276 1308 1379 1381 “tl

359 1490 388 1550 p.
404 1468 445 1532 54
456 1489 482 1529 v·
497 1474 525 1533 6.
549 1466 601 1531 δαί
623 1470 765 1539 Ισιτανίοον
785 1470 831 1528 vel
847 1474 1007 1544 σητανίοιν.
1048 1493 1082 1533 ιι
1098 1474 1190 1531 reicis
1201 1473 1272 1551 filis.
1313 1488 1380 1529 nam

273 1553 353 1613 Italis
367 1562 425 1615 reto
439 1560 483 1615 est
498 1556 633 1631 sericum,
653 1555 730 1612 unde
743 1556 844 1632 nuperi
862 1555 964 1615 Graeci
980 1576 1063 1615 suum
1080 1560 1209 1616 σι’ίαιιίιιιιι
1231 1575 1283 1615 sen
1306 1563 1381 1613 reto-

273 1644 349 1699 m'um
362 1642 567 1719 procuderunt3
589 1641 643 1697 nisi
656 1641 719 1715 quis
731 1640 809 1698 malit
823 1659 841 1698 a
859 1638 964 1701 Latino
985 1650 1043 1701 αλιι
1066 1643 1224 1714 deducere;‚
1238 1642 1321 1716 quasi
1337 1641 1381 1720 pi-

222 1733 229 1741 *
274 1724 368 1783 leticia
382 1725 430 1783 illa
443 1726 478 1783 de
493 1726 561 1783 setis
575 1744 713 1803 suspensa
726 1725 839 1783 suerint
882 1726 1016 1786 Germani
1030 1727 1150 1786 chordas
1167 1746 1219 1784 seu
1241 1724 1311 1785 lides
1331 1745 1382 1784 vo-

274 1815 341 1868 cant
353 1815 453 1884 seiten,
474 1816 572 1889 aperte
585 1829 603 1868 a
617 1817 682 1869 ecto.
724 1812 777 1867 sed
793 1810 968 1870 Glossarium
980 1833 1007 1872 v.
1024 1807 1160 1875 σιτιὶνιον
1180 1817 1211 1870 et
1230 1830 1257 1870 v.
1276 1809 1382 1892 γαλιά-

275 1918 344 1956 νιον
361 1902 446 1974 putat
462 1895 613 1973 legendum
636 1895 903 1970 rescribendumque
920 1893 973 1959 dori
995 1898 1176 1978 γαίτανίων,
1208 1915 1243 1953 ex
1263 1896 1381 1973 cingulis
1436 1927 1440 1934 «

275 1998 326 2037 seu
341 1985 429 2039 zonis.-
449 2000 515 2039 nam
529 1976 684 2061 γαϊτιίνιον
699 1986 744 2038 est
762 1981 912 2057 cingulum
955 2001 1014 2041 uon
1027 1983 1182 2043 assentior:
1203 1982 1341 2059 facerem,
1357 1981 1381 2039 si

277 2067 355 2125 crisis
368 2067 438 2125 haec
452 2067 547 2142 aliquo
562 2086 605 2125 ms
619 2066 768 2147 eremplari
782 2067 971 2127 adiuvaretur.

269 2204 273 2211 .
327 2163 518 2217 *Helluciuatio
542 2163 610 2217 oculi
634 2164 765 2217 σιιανίοιν
796 2160 926 2218 είτανίιιν
954 2163 1026 2231 dcc,
1055 2168 1132 2235 prout
1160 2165 1257 2218 babent
1280 2164 1381 2234 Regis,

276 2228 398 2299 legentis.
419 2238 479 2285 suut
500 2239 585 2285 eutem
608 2228 735 2299 είιιὶνια,
762 2251 780 2287 a
809 2233 882 2300 vulgi
911 2233 1061 2303 quibusdum
1085 2233 1237 2302 ναϊτιίνια,
1266 2235 1300 2286 ab
1327 2234 1383 2287 aliis

278 2298 406 2368 γαθοίνιιι
435 2302 618 2371 pronuntiata,
647 2304 792 2355 ornatiores
812 2305 896 2355 olnae
927 2302 982 2355 sive
1013 2304 1159 2367 taminiae,
1190 2303 1297 2356 vestium
1322 2303 1382 2355 leci-

279 2369 328 2420 niis
345 2370 504 2423 adinvicem
521 2370 670 2439 colligendis
683 2369 727 2423 vel
744 2372 922 2440 componendis
929 2371 1017 2439 nobis,
1034 2378 1062 2425 et
1084 2372 1117 2425 ad
1134 2380 1251 2427 ornatum
1270 2382 1381 2439 mutae,

279 2438 323 2491 vel
339 2438 449 2508 deniqne
465 2447 494 2492 ut
510 2457 543 2492 ex
560 2440 592 2493 iis
608 2439 676 2491 aliud
694 2440 727 2493 ad
744 2440 862 2493 decorem
881 2440 1002 2510 pendeat.

349 2529 386 2583 il.
406 2545 432 2585 v.
449 2530 476 2585 8.
499 2528 685 2597 παλαμναῖον]
703 2532 827 2596 quattuor
837 2541 926 2581 manus
943 2526 1082 2597 digitorum
1093 2542 1218 2582 mensum.

716 2742 925 2756 m

616 3002 947 3081 CAPUT
1011 3003 1057 3079 ΙΙ

366 3254 394 3312 p.
411 3230 452 3297 55
462 3250 487 3291 v.
501 3232 550 3299 15.
570 3186 711 3294 Faustas
731 3237 942 3296 acclamationes
965 3235 1089 3293 suaviter
1112 3234 1188 3292 ridet
1214 3232 1383 3293 Graecorum

280 3325 357 3385 haud
382 3346 506 3386 summus
528 3330 632 3387 amicus
651 3327 846 3408 Luitprandns
867 3349 897 3406 p.
920 3327 983 3392 354
999 3327 1090 3385 Boun.

351 3426 415 3477 ibid.
442 3420 505 3481 ὅσοι
521 3427 652 3495 φοροῦσι]
669 3427 748 3480 hahes
768 3427 826 3479 illos
843 3425 962 3478 distincte
979 3430 1141 3478 enumeratos
1158 3424 1230 3477 notis
1247 3440 1270 3477 c.
1289 3425 1317 3479 3.

276 3531 278 3535 ·
350 3512 384 3565 ib.
409 3528 436 3563 v.
457 3514 504 3564 lo.
528 3507 627 3579 ὁρίζει]
652 3514 780 3565 recentior
804 3512 920 3583 phrasis,
949 3526 1001 3581 qna
1028 3511 1110 3561 virum
1134 3511 1229 3564 honore
1251 3511 1295 3564 rel
1315 3510 1382 3562 cultu

280 3576 384 3637 dignum
402 3580 496 3647 aliquid
513 3580 602 3632 lacere
618 3581 661 3632 vel
685 3583 772 3635 dicere
797 3582 949 3652 exprimunt
968 3574 1083 3647 ὁρίζειὸ
1101 3576 1227 3651 decoloris
1242 3582 1381 3649 nonime,

279 3648 327 3701 ted
344 3650 408 3701 dicit
426 3651 466 3700 rel
478 3651 552 3717 fucit
572 3650 725 3717 imperator.
1025 3667 1029 3671 ·
1145 3686 1149 3693 -

350 3752 376 3817 p.
387 3737 422 3789 56
433 3754 458 3787 ν.
472 3738 499 3789 3.
515 3736 713 3804 προσκυνοῦσι]
732 3752 779 3804 pro
796 3732 906 3787 muneris
923 3752 993 3787 nore
1011 3739 1109 3787 eertum
1126 3733 1221 3787 cultum
1236 3732 1384 3802 imperatori

280 3803 387 3885 palatini
403 3822 521 3873 proceres
539 3804 687 3857 exhibuere.
723 3804 835 3857 Phranzi
856 3804 883 3855 iu
904 3803 1062 3872 logothetam
1086 3804 1151 3855 clam
1175 3800 1293 3854 instituto
1322 3803 1384 3855 dicit

280 3882 421 3941 imperator
438 3874 506 3943 apud
529 3874 672 3927 Pontauurn
688 3872 869 3943 interpretem
884 3880 917 3927 tn
935 3889 1047 3943 nogant
1069 3874 1209 3942 logotheta
1224 3879 1292 3926 estne
1320 3880 1383 3926 tna-

280 3948 336 3995 turn
354 3960 386 3995 ne
402 3960 442 3997 sne
457 3960 506 4012 pro
523 3960 592 3996 more
608 3944 692 4011 officii
706 3944 747 3995 toi
764 3945 868 3995 odores.

366 4034 402 4094 il.
427 4053 453 4091 v.
472 4034 520 4095 19.
557 4038 736 4109 potestatus,
770 4033 808 4091 ab
834 4031 933 4091 Italico
959 4037 1083 4109 potesta,
1118 4035 1149 4089 et
1165 4030 1220 4088 hoc
1239 4050 1258 4089 α
1280 4029 1383 4091 Latino

281 4124 411 4197 poteslas,
432 4117 570 4194 significat
590 4118 762 4194 praefectum
782 4138 835 4177 seu
855 4117 1013 4197 praesidem
1034 4135 1085 4174 seu
1097 4122 1271 4195 praetorem,
1294 4116 1383 4194 qualis

279 4210 313 4287 'et
323 4205 376 4263 iste
391 4202 582 4263 Genuensium
596 4209 665 4261 erat.

350 4318 455 4374 Prolixa
477 4318 594 4389 quidem,
626 4326 656 4372 at
678 4316 738 4373 huic
765 4298 823 4370 loeo
855 4332 968 4385 mugnus
999 4317 1137 4387 Gregoree
1160 4296 1287 4387 nuntio,
1310 4330 1383 4386 quan
