3075 4867
480 304 535 373 ιιι
551 303 700 374 coum
728 305 814 374 aar.
839 302 896 372 ιιι.
1163 309 1237 377 aas
1313 393 1316 398 ⁸

134 491 186 534 aon
206 472 319 533 literatis
329 467 424 550 pileis,
440 473 473 528 ut
485 489 556 532 punc
568 474 647 530 mon's
660 475 716 548 est,
736 469 784 530 sed
801 468 932 548 murgeliu
938 469 1086 550 suubriotis
1103 471 1192 534 linteis
1206 492 1241 533 ec·

134 560 212 638 bysso
226 576 361 638 pomarese
380 559 472 617 textis.
500 574 585 634 quem
605 556 697 616 locum
718 556 857 636 interpres
874 555 998 616 Cedreni
1014 574 1046 615 se
1067 577 1125 617 non
1141 578 1241 640 capere

134 646 255 721 ingenue
268 642 418 703 confitetur
448 647 480 702 et
496 662 566 703 sane
587 641 706 702 difficilis
721 648 783 715 est;
806 660 890 720 quem
914 641 1069 722 planiorem
1083 645 1177 707 reddit
1194 645 1242 704 illa

38 746 40 752 ·
134 729 251 789 Meursii
276 727 456 806 emendatio,
481 722 773 811 μαργελλογρᾶμμων
807 747 860 808 pro
884 721 1152 810 peyuioypriptpuu.
1186 737 1278 808 egol‘
1297 737 1348 793 195

133 815 255 874 libenter
268 834 321 893 pro
337 807 390 876 dcci
408 811 591 897 γραμμάτων
604 813 726 890 legerem
746 807 798 875 dccl
812 805 991 894 γαμμάτωνε
1013 831 1080 872 nam
1096 820 1129 873 ut
1149 821 1244 875 vestes

134 900 201 959 olim
216 903 385 978 gemmatae,
412 897 455 958 sic
476 903 507 958 et
530 904 698 976 tegumenta
714 897 816 978 capitis
837 897 984 976 gummula
997 898 1084 958 fuisse
1103 899 1243 963 videntur.
1299 973 1302 978 ¹

133 985 226 1044 fateor
239 989 337 1044 tumen
349 981 436 1042 ethic
450 989 481 1043 et
496 978 562 1043 alibi
576 985 672 1044 forsan
687 983 801 1043 retineri
819 1002 904 1064 posse
918 978 1078 1064 γράμματα
1092 1005 1146 1066 pro
1165 978 1245 1070 polp-

134 1077 228 1148 'purc‚
245 1087 311 1129 cum
324 1068 411 1127 etiem
423 1068 495 1128 aliae
502 1068 620 1148 literae,
640 1071 806 1150 praesertim
818 1073 862 1146 A,
883 1069 1008 1129 vestibus
1022 1069 1098 1129 assui
1110 1070 1244 1152 solerent,

135 1162 169 1215 ut
190 1154 310 1234 planum
337 1154 371 1213 iit
391 1171 427 1214 ex
444 1155 646 1234 imperatorum
666 1154 757 1216 tribus
778 1154 961 1234 imaginibus,
985 1171 1059 1234 quae
1082 1153 1245 1240 Nicephoro

136 1239 284 1320 Gregorae
295 1246 517 1320 praeponuntur.

138 1441 186 1479 a„
206 1357 319 1481 alil·
332 1355 490 1494 {licinii
527 1353 701 1507 ritimis,
711 1347 1247 1494 lilitrbiiiiliixifblt

138 1494 209 1560 sius,
225 1501 253 1548 et
268 1493 314 1564 qni
328 1509 387 1547 eum
403 1494 569 1560 cumbunt,
587 1493 840 1560 comminiscuntur),
863 1499 894 1548 ut
910 1509 943 1548 eu
959 1510 1024 1547 voce
1040 1494 1123 1548 vestis
1139 1495 1246 1550 limbum

138 1570 166 1616 et
180 1570 361 1620 mmmm
376 1563 548 1634 quodcunque
563 1562 675 1618 discolor
691 1563 735 1616 vel
759 1578 823 1616 euro
849 1567 964 1627 textum,
985 1579 1071 1632 panno
1095 1564 1248 1634 superaddi-

137 1639 209 1698 tum,
233 1631 389 1703 exprimant.
421 1631 449 1687 id
470 1632 598 1705 ipsaemet
620 1633 781 1688 aGretserc
799 1636 861 1703 post
877 1631 1020 1690 Meursium
1034 1633 1183 1705 exscriptae
1198 1651 1247 1688 au-

138 1701 277 1758 ctoritates
292 1701 423 1756 evincunt.

222 1803 293 1866 ibid
326 1803 449 1877 κᾶλτζαι
465 1805 586 1883 caligae,
608 1822 644 1865 ex
659 1803 764 1866 Latino
788 1803 893 1868 calceus
924 1806 1015 1886 magis
1040 1823 1126 1884 quam
1146 1807 1249 1886 caliga.

139 1897 172 1952 et
180 1892 303 1952 sumitur
316 1889 361 1949 bie
370 1907 429 1948 non
440 1909 493 1968 pro
503 1891 658 1950 wessed
675 1911 728 1972 pro
741 1892 858 1952 macrim
876 1910 944 1952 nam
958 1893 1043 1952 calcei
1057 1895 1114 1952 iam
1127 1911 1252 1972 sequun-

142 1984 200 2038 tur.
225 1975 335 2053 caligae
356 1980 454 2034 tamen
474 1993 578 2035 nomen
597 1976 682 2034 etiam
698 1975 821 2036 calcemn
844 1977 992 2036 militarem
1011 1977 1166 2054 significat.
1188 1979 1254 2039 hinc

142 2059 243 2144 βουλή
258 2061 405 2142 nulipmv,
418 2065 526 2118 reamur
545 2059 697 2137 caligarum
712 2081 763 2120 seu
780 2063 928 2140 caligatus,
941 2063 1019 2139 apud
1036 2061 1157 2122 Dionem
1170 2063 1188 2122 l.
1201 2067 1255 2140 48,

143 2166 271 2208 scomma
284 2146 314 2204 in
331 2150 480 2221 serratum,
509 2147 587 2222 quod
606 2145 704 2223 caligis
724 2148 784 2205 sive
811 2147 909 2207 calceis
933 2147 1098 2206 militaribus
1118 2151 1255 2207 uteretur.
1376 2195 1380 2204 .

143 2235 186 2292 sic
206 2233 301 2308 caligo
326 2232 446 2290 smnitur
471 2229 508 2288 ab
527 2232 682 2310 interprete
706 2238 806 2292 nostro
826 2229 890 2292 Act
916 2236 970 2295 12:
992 2232 1082 2292 calcea
1099 2239 1135 2292 te
1149 2234 1256 2312 caligae

144 2325 216 2378 tuus.
247 2316 357 2377 Graece
373 2309 529 2395 intonsos
548 2311 586 2378 esi
596 2309 743 2380 σανδάλιά
764 2335 836 2394 coo,
858 2317 1104 2395 subligusundulia
1117 2324 1177 2385 tua.

214 2432 286 2486 ibid.
320 2447 444 2500 nusquam
461 2431 564 2485 calcem
581 2429 704 2496 Latinus,
732 2430 778 2486 vir
794 2432 889 2504 caliga
905 2431 966 2486 item
984 2431 1095 2496 Latina,
1120 2432 1171 2486 imo
1198 2451 1257 2486 cer·
1360 2497 1364 2506 ¹

141 2501 247 2556 timim
263 2501 385 2554 ltulorum
402 2502 475 2554 culce
490 2517 582 2553 vocem
598 2495 714 2564 κᾶλτζαι
731 2501 842 2555 Graecis
867 2500 971 2556 dedere.
1005 2517 1054 2554 nec
1076 2501 1184 2556 braccas
1206 2503 1258 2557 ita-

144 2589 211 2641 que,
233 2571 314 2624 minus
331 2571 447 2634 calcem,
470 2569 516 2623 sed
533 2568 576 2622 vel
593 2570 700 2639 caliges
716 2569 750 2622 ed
769 2587 853 2624 suram
870 2587 952 2640 usque
969 2569 1139 2624 ascendentes
1155 2571 1199 2624 vel
1216 2571 1258 2624 irr-

144 2649 241 2710 capras
257 2656 349 2696 ocreas
368 2638 504 2708 siguificat
539 2654 601 2692 usus
617 2639 737 2708 loquendi
753 2639 883 2700 recentior
899 2655 1000 2692 sermm
1025 2639 1130 2693 allatum
1154 2641 1258 2708 probat,

146 2710 351 2777 confirmarique
362 2707 388 2760 iu
401 2707 548 2776 vulgaribus
558 2707 646 2761 lexicis
658 2708 834 2776 Hieronymus
846 2710 990 2762 Germanus
1004 2713 1030 2762 et
1043 2707 1130 2762 Simon
1144 2709 1259 2774 Fortius,
1365 2731 1367 2736 ·

147 2780 193 2849 qui
220 2778 284 2831 licet
309 2771 427 2845 κάρτζαι
449 2776 614 2829 communiori
638 2777 843 2846 pronuntiationi
861 2778 984 2832 calamum
1001 2785 1176 2847 exaequantes
1193 2781 1259 2832 scri-

146 2849 214 2902 bant
233 2845 403 2915 (substituunt
419 2845 485 2898 enim
504 2844 620 2898 hodierni
636 2863 652 2911 ρ
671 2845 730 2898 vice
745 2849 778 2910 t,
795 2835 946 2915 atriplice,
972 2862 1022 2898 non
1040 2835 1147 2914 ἦλθεν,
1168 2842 1260 2916 cippu-

148 2914 222 2984 ois,
244 2932 295 2969 non
312 2909 439 2983 ἁλμυρόν
455 2915 621 2985 proferunt),
645 2914 701 2967 usui
718 2920 803 2968 mmeu
820 2922 848 2969 et
864 2915 950 2969 sensui
968 2915 1083 2982 reddita,
1109 2916 1150 2969 bic
1166 2916 1260 2973 Latina

149 3004 219 3041 uoce
235 2985 359 3050 tibialia,
373 2984 419 3038 ille
434 2983 526 3038 italica
542 2986 631 3050 culce,
650 2986 775 3054 wicette,
791 2985 846 3042 suis
864 2985 968 3040 calculis
985 2990 1149 3038 attestantur.

239 3106 382 3169 ib.v.12.
408 3102 542 3184 διβολὲα]
573 3106 739 3165 vocabulum
766 3106 821 3167 hoc
845 3106 993 3182 aliquoties
1016 3106 1093 3184 apud
1116 3105 1261 3166 Codinum

151 3190 268 3269 legitur.
289 3189 509 3268 dedoiiogidem
528 3193 608 3266 qnod
632 3194 766 3265 διπλοῦς.
788 3211 841 3271 pro
865 3210 921 3268 quo
943 3198 1051 3250 veteres
1070 3191 1205 3269 ὃίβολος,
1228 3198 1262 3250 ut

155 3279 280 3358 bidoloc
292 3277 412 3352 χλαῖνα.
428 3274 541 3352 Iunius,
560 3275 682 3355 διβολὲα
698 3275 895 3356 ὑποδήματα,
917 3277 1007 3336 bilices
1027 3274 1111 3335 calcei
1126 3280 1156 3333 et
1177 3277 1263 3356 διβο-

155 3361 224 3433 λὲος
239 3358 326 3430 bilis,
347 3357 377 3415 id
391 3364 436 3417 est
454 3373 562 3420 ornatus
579 3362 769 3422 bicolorelicio.
789 3362 841 3420 sed
864 3366 897 3418 tu
912 3361 958 3418 dic
975 3357 1126 3440 διβολὲος,
1145 3361 1263 3424 semda-

157 3442 267 3530 potia,
294 3443 405 3520 quoties
423 3446 501 3522 apud
522 3446 664 3508 codicum
686 3445 825 3524 occurrit,
845 3444 913 3506 nibil
932 3445 1010 3506 aliud
1034 3463 1097 3506 esse
1119 3463 1205 3524 quatu
1223 3447 1265 3508 bi-

157 3534 230 3594 color
242 3549 294 3589 seu
307 3529 423 3607 duplicis
435 3531 538 3592 edas.

228 3663 294 3717 ibid.
329 3653 447 3732 διβολέα
475 3661 578 3730 quoties
605 3666 725 3716 occurret
755 3660 823 3732 apud
854 3661 994 3728 codicum,
1026 3677 1077 3716 uon
1107 3675 1158 3714 uno
1190 3659 1266 3715 modo

160 3731 292 3802 intellige,
308 3729 355 3784 scd
372 3731 510 3804 bicolcrem
527 3736 627 3784 vestem
643 3750 672 3786 v.
687 3749 715 3800 g.
734 3732 805 3784 cuius
821 3747 881 3802 pars
899 3731 982 3786 media
1000 3731 1091 3784 celcris
1113 3731 1203 3794 unius,
1227 3732 1267 3784 sl-

161 3803 245 3856 terius
267 3806 309 3854 est
329 3799 428 3868 altera,
453 3799 553 3868 qualem
574 3800 723 3870 plerumque
745 3801 843 3855 scabini
866 3801 966 3855 urbium
990 3808 1084 3870 gerunt
1106 3799 1133 3855 in
1159 3799 1269 3852 Galliis:

162 3871 206 3925 uel
223 3869 295 3924 cuius
310 3885 412 3940 pennus
429 3870 542 3923 exterior
558 3870 644 3934 buius,
668 3869 809 3924 subductus
826 3871 931 3924 alterins
948 3878 990 3924 est
1006 3871 1114 3936 colcrire
1138 3870 1179 3923 vel
1200 3885 1269 3938 quae

163 3940 264 3994 demum
281 3939 309 3992 in
324 3937 495 3993 versicolores
511 3939 609 3995 taenias
626 3946 666 3995 est
681 3947 770 4006 secte,
796 3944 825 3994 et
838 3958 870 3994 ex
887 3939 925 3994 eis
949 3939 1060 3996 iosciuta
1085 3947 1113 3994 et
1137 3945 1269 4002 contexte,

163 4024 213 4079 pro
230 4007 410 4063 Helvetiorum
426 4025 508 4063 more.

251 4131 319 4201 ibid.
333 4125 488 4212 χρόματος
500 4125 593 4209 ὀξέος,
600 4131 631 4192 id
642 4138 697 4212 esi,
703 4133 892 4211 rubestisu'mi,
898 4132 992 4210 inquit
1001 4105 1112 4192 Iunius:
1127 4120 1184 4204 ὄξό
1195 4128 1271 4187 enirn

165 4235 224 4275 erm
238 4217 405 4319 intendendi
425 4218 520 4279 babet
545 4219 611 4280 binc
629 4220 659 4280 in
670 4220 768 4281 codiee
777 4226 822 4280 est
836 4217 997 4299 oryblettu,
1016 4235 1137 4334 purporp
1153 4217 1272 4295 expuisi-

165 4302 475 4463 Ὓάιῖωἳιὶωρσῐαι
497 4393 531 4449 de
552 4395 629 4466 offic.
1027 4354 1066 4449 15
