3075 4867
525 283 570 352 ut
588 284 738 352 comm
755 285 841 354 CAP.
858 285 901 353 V.
1185 283 1258 356 271

149 449 277 512 Menaeo
291 449 398 528 tonet,
418 454 534 512 nctusios
549 449 739 530 appellabant.
767 450 870 512 must
889 450 977 528 igitur
998 449 1071 510 duce
1091 449 1162 510 istos
1176 455 1260 511 nom*

152 538 232 613 risis,
252 537 308 595 sub
325 537 495 596 Constantio
512 535 618 595 Ariauo
633 537 802 614 imperatore
821 557 874 615 pro
895 536 953 595 tide
971 535 1128 595 orthodoxa
1144 537 1260 616 cedson,

152 623 258 681 merito
268 622 491 701 venerabantur,
510 622 592 680 sicuti
612 622 711 682 medici
726 623 770 679 SS
790 622 924 706 Cpsmam
937 626 967 681 et
984 619 1151 681 Damianurn
1172 622 1262 680 medi-

152 727 211 766 cos.
234 709 289 766 sed
314 727 447 786 processu
471 708 606 785 temporis
636 707 867 785 superseminavit
891 707 1018 766 inimicus
1037 705 1121 765 homo
1144 707 1262 784 duania,

152 793 230 851 festo
256 795 463 870 propemodum
489 794 519 852 in
542 791 726 852 Bacchanalia
743 791 788 850 vel
809 791 976 872 Lupercalia
1000 809 1091 850 verso.
1119 809 1186 870 quac
1205 792 1263 850 ali-

152 877 265 956 quanda
280 879 387 956 fiebant
409 883 440 937 ia
468 877 520 938 SS
546 881 709 936 notariorum
724 877 800 956 festo
818 898 837 937 α
856 881 969 936 notariis
985 897 1081 958 pueros
1102 876 1263 951 mentius,

151 983 214 1021 cum
236 966 351 1022 semitis
368 965 486 1042 meanis
506 964 601 1043 sorum
622 963 791 1040 abeuntibus,
816 969 879 1022 unte
907 962 1009 1042 aliquot
1035 982 1118 1022 annos
1145 961 1265 1022 notma-

149 1053 216 1106 runt
245 1051 412 1108 sanctissimi
436 1049 512 1108 iltius
540 1047 642 1106 damini
660 1045 753 1106 Ιικοοα
768 1047 940 1126 patriarchae
965 1047 1075 1108 uana
1107 1046 1149 1106 ita
1165 1045 1264 1106 Balsa-

150 1151 223 1191 mon
246 1133 288 1190 ad
312 1136 353 1196 62
381 1151 516 1194 munuera
538 1131 713 1192 Trullauum.
740 1133 840 1192 eadem
865 1133 954 1191 ferun
971 1132 1094 1190 iuvenies
1115 1131 1264 1194 liiluris

151 1216 407 1276 GraecoRomani
419 1239 446 1297 p.
462 1222 533 1282 228.
554 1219 656 1276 notarii
670 1236 740 1294 crgo
754 1235 858 1295 pueros
870 1218 957 1277 etiam
969 1217 1116 1276 docebant
1136 1217 1182 1274 rix
1191 1216 1263 1275 tides
1278 1220 1301 1274 P
1318 1220 1372 1274 212

151 1304 191 1364 dc
209 1303 346 1382 palatinis
361 1309 391 1362 et
404 1303 608 1378 ecdesiasticis3
629 1321 716 1381 quare
737 1303 776 1364 ad
792 1301 863 1364 alios
883 1303 1010 1364 nausias
1026 1298 1148 1363 cllidum
1160 1321 1265 1382 pueros

151 1389 281 1448 docendi
294 1390 470 1449 referendum
485 1390 546 1449 erit.

242 1507 281 1566 it.
304 1525 330 1564 v.
355 1506 403 1571 14.
431 1507 596 1568 vocabulum
612 1501 728 1588 κοῖστρα
741 1505 897 1586 generatim
917 1504 962 1563 uie
977 1504 1117 1581 significat
1135 1507 1265 1587 manitio-

151 1609 216 1666 nes‚
243 1592 306 1649 sive
324 1593 421 1670 oppidi
437 1594 496 1652 sive
513 1594 620 1653 fossati.
651 1594 735 1652 ctiam
758 1588 888 1672 κᾶοτρον
907 1589 1042 1668 singulari
1058 1608 1173 1649 numero
1194 1589 1264 1668 legi

153 1695 230 1734 mus.
252 1677 460 1736 Constantinus
479 1679 580 1738 Them.
604 1679 714 1738 Orient.
738 1681 790 1742 10:
812 1671 946 1757 κᾶστρον
969 1673 1050 1737 ἐστὶν
1065 1669 1264 1758 ὀχυρώτατον.

153 1755 372 1844 καστροφύλαξ
403 1769 549 1823 castrorum
575 1769 682 1840 custos,
707 1762 939 1843 καστροκτίστης
966 1767 1114 1822 castrorum
1141 1765 1264 1836 mentor,

154 1846 370 1924 καστροκτισία
383 1853 529 1908 castrorum
539 1850 664 1922 nantia,
678 1846 853 1930 καστρέσιον
865 1847 924 1905 sive
937 1846 1108 1926 καστρίοτον
1125 1852 1263 1905 neuma

152 1930 261 1988 iisdem
286 1931 317 1987 iu
337 1948 391 1987 usu
413 1937 482 1991 sunt
504 1927 675 2006 κοὶστελλοι,
701 1931 889 2010 καστὲλλιον,
917 1929 1043 2010 καοτὲλη
1067 1950 1120 2008 pro
1146 1931 1264 1989 castellio
1338 1976 1341 1991 .

150 2011 211 2098 ¹seu·
225 2017 413 2074 munitionibus
427 2023 457 2074 et
475 2036 527 2094 pro
544 2017 644 2096 oppido.
665 2016 730 2076 hinc
748 2018 901 2078 castelliani
920 2015 1021 2076 milites
1040 2014 1160 2074 castellis
1174 2017 1265 2096 impo-

155 2100 216 2160 siti.
238 2103 419 2163 καστελλοῦν
432 2102 523 2160 loorm
537 2101 658 2178 aliquem
671 2103 787 2162 munire.

230 2214 297 2268 ibid.
327 2210 444 2282 κᾶστρα]
478 2214 597 2268 ciuitates
631 2215 762 2270 moenibus
792 2214 908 2269 mumius
938 2211 1118 2298 interpretare.
1163 2213 1266 2268 Cedro·

158 2297 209 2337 nns
225 2283 254 2335 in
271 2283 399 2337 lllicheelc
413 2283 596 2352 Paphlagones
623 2281 806 2352 Παγκράτιος.
818 2279 851 2336 di
867 2278 883 2335 si
900 2277 1041 2352 Ἅβαογος,
1053 2278 1200 2351 Ῥωμανόν
1214 2276 1266 2338 τὸν

161 2347 281 2422 βασιλέα
298 2352 388 2420 δῆθεν
405 2345 521 2406 ἐκδικῶν
546 2349 585 2415 ὥς
603 2355 687 2407 θεῖον
705 2349 758 2421 ’τῆς
780 2349 911 2420 γυναικὸς
932 2344 1037 2415 αὐτοῦ,
1064 2346 1118 2420 τήν
1138 2369 1169 2407 re
1191 2345 1264 2418 πρὸς

151 2417 314 2490 Ῥωμαίους
329 2417 444 2490 εἰρήνην
460 2416 599 2474 ἀπείπατο
616 2419 663 2474 καὶ
679 2416 715 2474 τοὶ
732 2417 831 2492 πρῴην
848 2414 973 2472 δοθέντα
990 2413 1096 2487 adornes
1112 2418 1162 2473 nul
1174 2413 1264 2488 φροίκι

160 2507 211 2556 ρια
228 2486 409 2556 ἀνεκτήσατο.
444 2489 562 2554 Barium,
579 2489 710 2560 Capuam,
734 2490 909 2542 Beneventum
926 2499 1064 2541 vocaverat
1079 2489 1106 2541 in
1125 2489 1266 2558 superiori-

159 2557 212 2611 bus
229 2554 345 2625 κοὶοτρα.
379 2557 453 2611 huius
469 2559 560 2611 mentis
579 2561 664 2613 iuerat
681 2559 714 2612 ab
731 2559 837 2627 antiquo
854 2557 924 2610 circa
939 2573 1029 2610 vocem
1052 2557 1119 2612 hene
1142 2558 1264 2611 Iustinia-

161 2643 211 2680 nus
229 2627 300 2679 Nov.
318 2628 383 2680 128:
408 2624 455 2681 nal
478 2621 545 2688 τούς
560 2619 591 2682 ἔν
606 2631 670 2690 ταῖς
685 2621 757 2696 irruo
774 2626 831 2689 ίαις
847 2621 932 2688 ὄντας
947 2620 1087 2694 ἄρχοντας
1101 2623 1263 2690 πολιτικούς

160 2712 193 2751 τε
210 2693 261 2751 καὶ
275 2689 488 2764 οτρατιωτικούς
504 2688 535 2750 ἐν
550 2699 612 2760 ταῖς
627 2693 740 2752 πόλεσιν
756 2647 822 2766 ires
836 2691 975 2764 κάπροις.

249 2821 278 2879 p.
291 2799 334 2864 42
346 2822 372 2861 v.
387 2808 416 2867 2.
437 2806 587 2879 catergon,
609 2804 687 2878 quod
704 2811 749 2862 est
763 2805 894 2874 ἐτίτααίο,
910 2807 945 2858 ut
958 2800 988 2858 iu
1007 2801 1071 2878 ipso
1088 2800 1199 2861 codino
1215 2813 1265 2860 ex·

160 2887 294 2966 ponitur,
311 2905 345 2945 cx
363 2885 468 2945 Arabia
481 2905 499 2944 a
511 2887 592 2948 lunio
607 2889 767 2947 advooattu.
789 2888 896 2962 ubique
911 2886 1040 2944 nimium
1060 2887 1105 2946 sui
1125 2886 1265 2948 Arabim

160 2972 316 3070 specimina
329 2972 397 3031 edit.
414 2993 463 3032 cur
475 2991 534 3031 non
547 2989 581 3032 ex
594 2967 672 3036 narsi
685 2980 714 3032 ct
729 2972 817 3058 ἔργον
830 2973 1015 3052 compositum
1030 2970 1089 3032 citt

249 3090 285 3148 n.
309 3108 334 3147 v.
353 3091 381 3150 7.
402 3085 618 3172 ιογγαριοστή.
630 3090 710 3150 aurae
724 3089 870 3150 munus
884 3110 946 3149 esse
961 3091 1038 3150 urum
1054 3060 1102 3166 qu
1116 3088 1205 3148 outa
1219 3091 1265 3147 at

164 3191 280 3250 mugnus
293 3177 530 3251 contrarotulntcr,
552 3171 784 3259 αλογαριάζεον,
807 3177 884 3254 quod
899 3181 945 3234 est
959 3182 1114 3254 computare

251 3291 288 3352 tt.
302 3307 329 3348 v.
346 3293 392 3352 12.
420 3293 672 3376 μεγαλοαλογῖτατ]
703 3293 801 3354 Iunius
828 3296 1029 3374 interpretatur
1055 3293 1160 3368 usugtts‘s
1190 3293 1264 3369 W

164 3380 283 3450 niuster,
303 3380 408 3450 magnis
423 3382 496 3456 equis
504 3385 666 3459 pugnantes.

195 3475 196 3482 ¹
235 3487 300 3543 illid.
317 3491 496 3560 cataphractos
518 3493 619 3564 equites
642 3492 772 3562 editius,
807 3493 853 3564 qui
874 3509 977 3547 numero
1002 3495 1031 3546 ct
1049 3490 1162 3563 pondere
1178 3505 1264 3545 ιτιαο-

165 3575 224 3614 rum
238 3575 332 3628 graves
347 3561 445 3629 maguis
463 3570 490 3616 et
506 3563 616 3616 fortibus
632 3563 705 3633 cquis
721 3578 786 3632 opus
802 3563 936 3617 heberent

235 3662 298 3715 titt.
315 3658 505 3734 τρικάβαλλοι]
521 3665 691 3718 trimnrciss'cr
708 3663 807 3734 antiqui
825 3665 894 3720 Gelli
910 3664 1041 3728 distinent,
1059 3661 1102 3732 qui
1114 3661 1197 3716 tribus
1210 3661 1264 3714 slu-
1331 3663 1334 3673 “

165 3730 221 3802 guli
243 3739 348 3784 omnus
371 3733 450 3801 cquis.
485 3736 624 3792 Pausanias
648 3733 740 3788 Galles
762 3742 793 3788 ut
814 3737 852 3790 ita
876 3735 957 3788 diceus
981 3728 1181 3805 τρικαβάλλονς
1197 3730 1265 3784 duce

165 3805 268 3856 Brenno
289 3800 316 3852 iu
336 3802 453 3855 Graecae
476 3809 565 3857 cuntes
582 3803 719 3872 descripsit
739 3804 757 3856 1.
779 3808 821 3859 10.
849 3810 941 3874 sucre,
963 3804 1061 3874 inquit,
1084 3819 1165 3870 supra
1189 3817 1265 3854 seru·

166 3873 246 3942 ginta
258 3871 374 3939 equitum
385 3872 460 3924 milies
472 3874 584 3942 emplius
600 3874 672 3926 mille
686 3873 801 3926 ducenti.
834 3892 898 3926 nom
913 3875 1033 3943 singulos
1050 3873 1147 3940 equites
1158 3872 1208 3924 duo
1215 3875 1266 3938 sss·

167 3941 233 3993 muli
245 3940 416 4008 sequebantur
429 3941 457 3993 in
474 3944 560 4012 cquis,
584 3949 610 3995 et
627 3941 679 4010 ipsi
696 3943 850 4009 equestrium
867 3945 966 3995 artium
982 3943 1094 3995 mansne
1111 3941 1201 4010 gnari.
1237 3938 1267 3990 li

166 4009 356 4078 praeliantibus
366 4009 476 4064 dominis
486 4013 515 4064 in
526 4019 639 4065 estremu
651 4011 707 4064 acie
718 4013 881 4066 mnsistmtes
893 4013 918 4065 ei
929 4019 1003 4065 erum
1020 4012 1095 4074 usui,
1112 4018 1142 4063 nt
1157 4011 1181 4061 si
1191 4012 1267 4074 ferte

168 4095 248 4146 equus
264 4086 329 4132 esset
344 4082 467 4142 amissus.
483 4082 574 4134 statim
592 4097 666 4132 suum
682 4080 878 4145 submitterent,
896 4083 921 4136 si
935 4083 977 4134 cir
994 4081 1159 4141 concidisset,
1177 4091 1266 4129 sescus

167 4147 197 4199 in
209 4147 262 4200 eius
274 4149 356 4200 lecum
371 4151 532 4204 succederet:
551 4151 643 4219 quodsi
666 4157 805 4218 utrumque
823 4151 886 4204 leiti
911 4150 1022 4219 impetus
1040 4148 1188 4226 mersium,
1209 4146 1265 4227 iuss

165 4221 271 4285 praedo
283 4223 340 4269 erut
350 4221 459 4290 tertius,
477 4222 580 4290 quipse
591 4219 700 4272 mortuis
711 4220 794 4272 locum
806 4226 911 4276 tmcrct.
945 4230 1022 4288 atque
1038 4219 1105 4270 hanc
1120 4215 1264 4266 iustitutio-

167 4301 225 4340 nem
251 4301 317 4340 voce
333 4287 417 4357 patrie
433 4291 618 4347 trimmestiam
634 4287 781 4344 nominante
805 4304 897 4361 equum
914 4287 980 4342 cuitu
992 4302 1108 4342 nmen
1124 4282 1266 4354 appellunt.
