<?xml version="1.0" encoding="UTF-8"?>
<!DOCTYPE html PUBLIC "-//W3C//DTD XHTML 1.0 Transitional//EN"
    "http://www.w3.org/TR/xhtml1/DTD/xhtml1-transitional.dtd">
<html xmlns="http://www.w3.org/1999/xhtml" xml:lang="en" lang="en">
 <head>
  <title>
</title>
<meta http-equiv="Content-Type" content="text/html;charset=utf-8" />
  <meta name='ocr-system' content='tesseract 3.04.00' />
  <meta name='ocr-capabilities' content='ocr_page ocr_carea ocr_par ocr_line ocrx_word'/>
</head>
<body>
  <div class='ocr_page' id='page_1' title='image "./corpusscriptoru23theogoog/corpusscriptoru23theogoog_0225.png"; bbox 0 0 3075 4867; ppageno 0'>
   <div class='ocr_carea' id='block_1_1' title="bbox 539 285 1281 371">
    <p class='ocr_par' dir='ltr' id='par_1_1' title="bbox 539 285 1281 371">
     <span class='ocr_line' id='line_1_1' title="bbox 539 285 1281 371; baseline 0.008 -17"><span class='ocrx_word' id='word_1_1' title='bbox 539 285 589 371; x_wconf 66' lang='lat' dir='ltr'><strong><em>,ra</em></strong></span> <span class='ocrx_word' id='word_1_2' title='bbox 608 286 758 356; x_wconf 87' lang='lat' dir='ltr'><strong><em>connu</em></strong></span> <span class='ocrx_word' id='word_1_3' title='bbox 779 287 866 356; x_wconf 72' lang='lat' dir='ltr'><strong><em>aar.</em></strong></span> <span class='ocrx_word' id='word_1_4' title='bbox 890 285 932 356; x_wconf 92' lang='lat'><strong><em>11.</em></strong></span> <span class='ocrx_word' id='word_1_5' title='bbox 960 292 975 364; x_wconf 80' lang='lat'><strong><em>.·</em></strong></span> <span class='ocrx_word' id='word_1_6' title='bbox 1117 319 1119 322; x_wconf 93' lang='lat'>-</span> <span class='ocrx_word' id='word_1_7' title='bbox 1206 289 1281 360; x_wconf 77' lang='lat' dir='ltr'><strong><em>eor</em></strong></span> 
     </span>
    </p>
   </div>
   <div class='ocr_carea' id='block_1_2' title="bbox 123 450 1381 1812">
    <p class='ocr_par' dir='ltr' id='par_1_2' title="bbox 123 450 1381 1812">
     <span class='ocr_line' id='line_1_2' title="bbox 123 450 1326 535; baseline 0.002 -21"><span class='ocrx_word' id='word_1_8' title='bbox 123 468 128 482; x_wconf 87' lang='grc'><strong>’</strong></span> <span class='ocrx_word' id='word_1_9' title='bbox 180 475 210 535; x_wconf 89' lang='lat' dir='ltr'><strong><em>p.</em></strong></span> <span class='ocrx_word' id='word_1_10' title='bbox 235 455 296 520; x_wconf 77' lang='lat'><strong><em>128</em></strong></span> <span class='ocrx_word' id='word_1_11' title='bbox 314 459 345 514; x_wconf 89' lang='lat' dir='ltr'><strong><em>et</em></strong></span> <span class='ocrx_word' id='word_1_12' title='bbox 365 450 437 521; x_wconf 76' lang='lat'><strong><em>284.</em></strong></span> <span class='ocrx_word' id='word_1_13' title='bbox 478 452 622 532; x_wconf 85' lang='lat' dir='ltr'><strong><em>Xyiander</em></strong></span> <span class='ocrx_word' id='word_1_14' title='bbox 653 455 683 514; x_wconf 88' lang='lat' dir='ltr'><strong><em>iu</em></strong></span> <span class='ocrx_word' id='word_1_15' title='bbox 710 454 786 515; x_wconf 85' lang='lat' dir='ltr'><strong><em>uotis</em></strong></span> <span class='ocrx_word' id='word_1_16' title='bbox 806 453 844 514; x_wconf 86' lang='lat' dir='ltr'><strong><em>ad</em></strong></span> <span class='ocrx_word' id='word_1_17' title='bbox 864 453 1025 518; x_wconf 76' lang='lat' dir='ltr'><strong>cedrenum</strong></span> <span class='ocrx_word' id='word_1_18' title='bbox 1052 471 1127 514; x_wconf 85' lang='lat' dir='ltr'><strong><em>uum.</em></strong></span> <span class='ocrx_word' id='word_1_19' title='bbox 1153 457 1215 520; x_wconf 84' lang='lat'><strong><em>196</em></strong></span> <span class='ocrx_word' id='word_1_20' title='bbox 1240 457 1284 516; x_wconf 89' lang='lat' dir='ltr'><strong><em>in-</em></strong></span> <span class='ocrx_word' id='word_1_21' title='bbox 1323 453 1326 460; x_wconf 80' lang='grc'><strong>’</strong></span> 
     </span>
     <span class='ocr_line' id='line_1_3' title="bbox 179 539 1283 619; baseline 0.001 -21"><span class='ocrx_word' id='word_1_22' title='bbox 179 559 273 617; x_wconf 85' lang='lat' dir='ltr'><strong><em>genae</em></strong></span> <span class='ocrx_word' id='word_1_23' title='bbox 304 541 408 599; x_wconf 86' lang='lat' dir='ltr'><strong><em>fatetur</em></strong></span> <span class='ocrx_word' id='word_1_24' title='bbox 438 558 473 598; x_wconf 87' lang='lat' dir='ltr'><strong><em>se</em></strong></span> <span class='ocrx_word' id='word_1_25' title='bbox 503 542 611 600; x_wconf 88' lang='lat' dir='ltr'><strong><em>nescire</em></strong></span> <span class='ocrx_word' id='word_1_26' title='bbox 637 542 706 618; x_wconf 89' lang='lat' dir='ltr'><strong><em>quid</em></strong></span> <span class='ocrx_word' id='word_1_27' title='bbox 733 541 772 598; x_wconf 82' lang='lat' dir='ltr'><strong><em>sit</em></strong></span> <span class='ocrx_word' id='word_1_28' title='bbox 799 541 913 600; x_wconf 73' lang='lat' dir='ltr'><strong><em>vanielei</em></strong></span> <span class='ocrx_word' id='word_1_29' title='bbox 935 539 1064 618; x_wconf 78' lang='lat' dir='ltr'><strong><em>dignitas.</em></strong></span> <span class='ocrx_word' id='word_1_30' title='bbox 1103 539 1283 619; x_wconf 81' lang='lat' dir='ltr'><strong><em>&#39;Nicephorus</em></strong></span> 
     </span>
     <span class='ocr_line' id='line_1_4' title="bbox 181 625 1283 706; baseline 0.003 -23"><span class='ocrx_word' id='word_1_31' title='bbox 181 627 324 703; x_wconf 79' lang='lat' dir='ltr'><strong><em>Gregoras</em></strong></span> <span class='ocrx_word' id='word_1_32' title='bbox 350 625 398 684; x_wconf 89' lang='lat' dir='ltr'><strong><em>lib.</em></strong></span> <span class='ocrx_word' id='word_1_33' title='bbox 428 629 467 690; x_wconf 86' lang='lat'><strong><em>7:</em></strong></span> <span class='ocrx_word' id='word_1_34' title='bbox 495 633 554 688; x_wconf 88' lang='lat' dir='ltr'><strong><em>erat</em></strong></span> <span class='ocrx_word' id='word_1_35' title='bbox 582 633 638 686; x_wconf 85' lang='lat' dir='ltr'><strong><em>turn</em></strong></span> <span class='ocrx_word' id='word_1_36' title='bbox 663 631 823 706; x_wconf 85' lang='lat' dir='ltr'><strong><em>procurator</em></strong></span> <span class='ocrx_word' id='word_1_37' title='bbox 843 629 1007 702; x_wconf 86' lang='lat' dir='ltr'><strong><em>negotiorum</em></strong></span> <span class='ocrx_word' id='word_1_38' title='bbox 1028 629 1134 704; x_wconf 85' lang='lat' dir='ltr'><strong><em>imperii</em></strong></span> <span class='ocrx_word' id='word_1_39' title='bbox 1152 631 1196 686; x_wconf 84' lang='lat' dir='ltr'><strong><em>air</em></strong></span> <span class='ocrx_word' id='word_1_40' title='bbox 1213 648 1283 706; x_wconf 86' lang='lat' dir='ltr'><strong><em>pru-</em></strong></span> 
     </span>
     <span class='ocr_line' id='line_1_5' title="bbox 179 709 1285 792; baseline 0.002 -22"><span class='ocrx_word' id='word_1_41' title='bbox 179 711 243 770; x_wconf 72' lang='lat' dir='ltr'><strong><em>dens</em></strong></span> <span class='ocrx_word' id='word_1_42' title='bbox 260 716 287 770; x_wconf 90' lang='lat' dir='ltr'><strong><em>et</em></strong></span> <span class='ocrx_word' id='word_1_43' title='bbox 316 711 348 770; x_wconf 86' lang='lat' dir='ltr'><strong><em>oir</em></strong></span> <span class='ocrx_word' id='word_1_44' title='bbox 373 709 534 771; x_wconf 72' lang='lat' dir='ltr'><strong><em>industriam</em></strong></span> <span class='ocrx_word' id='word_1_45' title='bbox 562 718 588 771; x_wconf 88' lang='lat' dir='ltr'><strong><em>et</em></strong></span> <span class='ocrx_word' id='word_1_46' title='bbox 613 711 772 790; x_wconf 84' lang='lat' dir='ltr'><strong><em>reipublicae</em></strong></span> <span class='ocrx_word' id='word_1_47' title='bbox 801 711 934 787; x_wconf 78' lang='lat' dir='ltr'><strong><em>gerendae</em></strong></span> <span class='ocrx_word' id='word_1_48' title='bbox 962 713 1100 770; x_wconf 76' lang='lat' dir='ltr'><strong><em>rcimn’onr</em></strong></span> <span class='ocrx_word' id='word_1_49' title='bbox 1130 714 1285 792; x_wconf 86' lang='lat' dir='ltr'><strong><em>inperatori</em></strong></span> 
     </span>
     <span class='ocr_line' id='line_1_6' title="bbox 178 793 1285 874; baseline 0.004 -20"><span class='ocrx_word' id='word_1_50' title='bbox 178 816 274 870; x_wconf 78' lang='lat' dir='ltr'><strong><em>aaron,</em></strong></span> <span class='ocrx_word' id='word_1_51' title='bbox 308 795 379 856; x_wconf 77' lang='lat' dir='ltr'><strong><em>unde</em></strong></span> <span class='ocrx_word' id='word_1_52' title='bbox 406 802 433 855; x_wconf 84' lang='lat' dir='ltr'><strong><em>et</em></strong></span> <span class='ocrx_word' id='word_1_53' title='bbox 455 801 616 856; x_wconf 83' lang='lat' dir='ltr'><strong><em>auoton&#39;tate</em></strong></span> <span class='ocrx_word' id='word_1_54' title='bbox 640 802 666 854; x_wconf 89' lang='lat' dir='ltr'><strong><em>et</em></strong></span> <span class='ocrx_word' id='word_1_55' title='bbox 695 797 786 874; x_wconf 73' lang='lat' dir='ltr'><strong><em>opibus</em></strong></span> <span class='ocrx_word' id='word_1_56' title='bbox 811 795 944 874; x_wconf 78' lang='lat' dir='ltr'><strong><em>pollebat,</em></strong></span> <span class='ocrx_word' id='word_1_57' title='bbox 977 793 1144 874; x_wconf 64' lang='lat' dir='ltr'><strong><em>Nicephorion</em></strong></span> <span class='ocrx_word' id='word_1_58' title='bbox 1173 797 1285 858; x_wconf 89' lang='lat' dir='ltr'><strong><em>eonielii</em></strong></span> 
     </span>
     <span class='ocr_line' id='line_1_7' title="bbox 173 880 1284 960; baseline 0.004 -22"><span class='ocrx_word' id='word_1_59' title='bbox 173 880 339 960; x_wconf 75' lang='lat' dir='ltr'><strong><em>praescotia.</em></strong></span> <span class='ocrx_word' id='word_1_60' title='bbox 379 886 404 940; x_wconf 88' lang='lat' dir='ltr'><strong><em>ir</em></strong></span> <span class='ocrx_word' id='word_1_61' title='bbox 424 881 529 939; x_wconf 78' lang='lat' dir='ltr'><strong><em>blandis</em></strong></span> <span class='ocrx_word' id='word_1_62' title='bbox 548 880 707 942; x_wconf 80' lang='lat' dir='ltr'><strong><em>rnrnonilur</em></strong></span> <span class='ocrx_word' id='word_1_63' title='bbox 727 887 753 940; x_wconf 85' lang='lat' dir='ltr'><strong><em>et</em></strong></span> <span class='ocrx_word' id='word_1_64' title='bbox 774 881 902 960; x_wconf 78' lang='lat' dir='ltr'><strong><em>obsequiis</em></strong></span> <span class='ocrx_word' id='word_1_65' title='bbox 924 882 1033 941; x_wconf 90' lang='lat' dir='ltr'><strong><em>lenitate</em></strong></span> <span class='ocrx_word' id='word_1_66' title='bbox 1042 885 1209 958; x_wconf 79' lang='lat' dir='ltr'><strong><em>inperatorio</em></strong></span> <span class='ocrx_word' id='word_1_67' title='bbox 1221 902 1284 942; x_wconf 89' lang='lat' dir='ltr'><strong><em>eon·</em></strong></span> 
     </span>
     <span class='ocr_line' id='line_1_8' title="bbox 177 963 1282 1046; baseline 0.003 -21"><span class='ocrx_word' id='word_1_68' title='bbox 177 967 274 1026; x_wconf 83' lang='lat' dir='ltr'><strong><em>cilinia</em></strong></span> <span class='ocrx_word' id='word_1_69' title='bbox 291 968 362 1046; x_wconf 86' lang='lat' dir='ltr'><strong><em>petit</em></strong></span> <span class='ocrx_word' id='word_1_70' title='bbox 383 972 409 1025; x_wconf 90' lang='lat' dir='ltr'><strong><em>et</em></strong></span> <span class='ocrx_word' id='word_1_71' title='bbox 429 968 529 1045; x_wconf 74' lang='lat' dir='ltr'><strong><em>erupit</em></strong></span> <span class='ocrx_word' id='word_1_72' title='bbox 548 984 671 1044; x_wconf 77' lang='lat' dir='ltr'><strong><em>generunt</em></strong></span> <span class='ocrx_word' id='word_1_73' title='bbox 685 965 779 1044; x_wconf 82' lang='lat' dir='ltr'><strong><em>filiurn</em></strong></span> <span class='ocrx_word' id='word_1_74' title='bbox 799 969 857 1026; x_wconf 81' lang='lat' dir='ltr'><strong><em>einr</em></strong></span> <span class='ocrx_word' id='word_1_75' title='bbox 875 963 1014 1044; x_wconf 85' lang='lat' dir='ltr'><strong><em>Ioannem,</em></strong></span> <span class='ocrx_word' id='word_1_76' title='bbox 1040 965 1198 1042; x_wconf 73' lang='lat' dir='ltr'><strong><em>indignante</em></strong></span> <span class='ocrx_word' id='word_1_77' title='bbox 1220 971 1282 1044; x_wconf 84' lang='lat' dir='ltr'><strong><em>qui-</em></strong></span> 
     </span>
     <span class='ocr_line' id='line_1_9' title="bbox 176 1051 1281 1130; baseline 0.001 -21"><span class='ocrx_word' id='word_1_78' title='bbox 176 1051 235 1109; x_wconf 78' lang='lat' dir='ltr'><strong><em>etern</em></strong></span> <span class='ocrx_word' id='word_1_79' title='bbox 254 1056 282 1110; x_wconf 87' lang='lat' dir='ltr'><strong><em>et</em></strong></span> <span class='ocrx_word' id='word_1_80' title='bbox 301 1051 457 1130; x_wconf 75' lang='lat' dir='ltr'><strong><em>refragante</em></strong></span> <span class='ocrx_word' id='word_1_81' title='bbox 478 1057 659 1130; x_wconf 84' lang='lat' dir='ltr'><strong><em>imperatrice,</em></strong></span> <span class='ocrx_word' id='word_1_82' title='bbox 689 1051 735 1110; x_wconf 81' lang='lat' dir='ltr'><strong><em>red</em></strong></span> <span class='ocrx_word' id='word_1_83' title='bbox 761 1056 851 1111; x_wconf 85' lang='lat' dir='ltr'><strong><em>tanen</em></strong></span> <span class='ocrx_word' id='word_1_84' title='bbox 870 1055 979 1130; x_wconf 56' lang='lat' dir='ltr'><strong><em>occurit.</em></strong></span> <span class='ocrx_word' id='word_1_85' title='bbox 1021 1052 1057 1110; x_wconf 90' lang='lat' dir='ltr'><strong><em>de</em></strong></span> <span class='ocrx_word' id='word_1_86' title='bbox 1077 1051 1177 1110; x_wconf 87' lang='lat' dir='ltr'><strong><em>eodem</em></strong></span> <span class='ocrx_word' id='word_1_87' title='bbox 1195 1051 1281 1112; x_wconf 85' lang='lat' dir='ltr'><strong><em>Nice-</em></strong></span> 
     </span>
     <span class='ocr_line' id='line_1_10' title="bbox 176 1132 1281 1218; baseline 0.004 -24"><span class='ocrx_word' id='word_1_88' title='bbox 176 1135 268 1215; x_wconf 89' lang='lat' dir='ltr'><strong><em>phoro</em></strong></span> <span class='ocrx_word' id='word_1_89' title='bbox 296 1134 410 1196; x_wconf 87' lang='lat' dir='ltr'><strong><em>caniciei</em></strong></span> <span class='ocrx_word' id='word_1_90' title='bbox 435 1139 578 1214; x_wconf 87' lang='lat' dir='ltr'><strong><em>praefecto</em></strong></span> <span class='ocrx_word' id='word_1_91' title='bbox 605 1137 822 1196; x_wconf 86' lang='lat' dir='ltr'><strong><em>Cantacuzenus</em></strong></span> <span class='ocrx_word' id='word_1_92' title='bbox 854 1139 869 1198; x_wconf 91' lang='lat'>1</span> <span class='ocrx_word' id='word_1_93' title='bbox 896 1135 952 1200; x_wconf 78' lang='lat'><strong><em>14:</em></strong></span> <span class='ocrx_word' id='word_1_94' title='bbox 984 1136 1016 1196; x_wconf 82' lang='lat' dir='ltr'><strong><em>te</em></strong></span> <span class='ocrx_word' id='word_1_95' title='bbox 1044 1143 1137 1196; x_wconf 75' lang='lat' dir='ltr'><strong><em>reatu</em></strong></span> <span class='ocrx_word' id='word_1_96' title='bbox 1156 1132 1281 1218; x_wconf 86' lang='lat' dir='ltr'><strong><em>palatino</em></strong></span> 
     </span>
     <span class='ocr_line' id='line_1_11' title="bbox 171 1219 1281 1300; baseline 0.004 -21"><span class='ocrx_word' id='word_1_97' title='bbox 171 1227 324 1300; x_wconf 77' lang='lat' dir='ltr'><strong><em>praesentes</em></strong></span> <span class='ocrx_word' id='word_1_98' title='bbox 341 1221 454 1281; x_wconf 77' lang='lat' dir='ltr'><strong><em>alerorn</em></strong></span> <span class='ocrx_word' id='word_1_99' title='bbox 473 1241 590 1300; x_wconf 78' lang='lat' dir='ltr'><strong><em>magnus</em></strong></span> <span class='ocrx_word' id='word_1_100' title='bbox 609 1221 743 1300; x_wconf 73' lang='lat' dir='ltr'><strong><em>logotheta</em></strong></span> <span class='ocrx_word' id='word_1_101' title='bbox 766 1219 940 1295; x_wconf 82' lang='lat' dir='ltr'><strong><em>Metoeliter‚</em></strong></span> <span class='ocrx_word' id='word_1_102' title='bbox 964 1225 1041 1280; x_wconf 85' lang='lat' dir='ltr'><strong><em>eur&#39;ur</em></strong></span> <span class='ocrx_word' id='word_1_103' title='bbox 1062 1227 1142 1280; x_wconf 85' lang='lat' dir='ltr'><strong><em>antea</em></strong></span> <span class='ocrx_word' id='word_1_104' title='bbox 1162 1226 1281 1282; x_wconf 84' lang='lat' dir='ltr'><strong><em>memini-</em></strong></span> 
     </span>
     <span class='ocr_line' id='line_1_12' title="bbox 174 1305 1282 1399; baseline 0.002 -35"><span class='ocrx_word' id='word_1_105' title='bbox 174 1325 248 1399; x_wconf 80' lang='lat' dir='ltr'><strong><em>ptur,</em></strong></span> <span class='ocrx_word' id='word_1_106' title='bbox 278 1313 304 1365; x_wconf 82' lang='lat' dir='ltr'><strong><em>et</em></strong></span> <span class='ocrx_word' id='word_1_107' title='bbox 326 1305 493 1385; x_wconf 80' lang='lat' dir='ltr'><strong><em>Niceplrorur</em></strong></span> <span class='ocrx_word' id='word_1_108' title='bbox 514 1312 562 1387; x_wconf 77' lang='lat' dir='ltr'><strong><em>pri</em></strong></span> <span class='ocrx_word' id='word_1_109' title='bbox 580 1307 696 1366; x_wconf 87' lang='lat' dir='ltr'><strong><em>eonieleo</em></strong></span> <span class='ocrx_word' id='word_1_110' title='bbox 712 1314 839 1386; x_wconf 85' lang='lat' dir='ltr'><strong><em>praeerat</em></strong></span> <span class='ocrx_word' id='word_1_111' title='bbox 859 1313 885 1366; x_wconf 91' lang='lat' dir='ltr'><strong><em>et</em></strong></span> <span class='ocrx_word' id='word_1_112' title='bbox 903 1307 965 1366; x_wconf 80' lang='lat' dir='ltr'><strong><em>oeli</em></strong></span> <span class='ocrx_word' id='word_1_113' title='bbox 983 1307 1095 1381; x_wconf 78' lang='lat' dir='ltr'><strong><em>solebat,</em></strong></span> <span class='ocrx_word' id='word_1_114' title='bbox 1124 1307 1282 1368; x_wconf 81' lang='lat' dir='ltr'><strong><em>admirabili</em></strong></span> 
     </span>
     <span class='ocr_line' id='line_1_13' title="bbox 174 1391 1371 1471; baseline 0.003 -23"><span class='ocrx_word' id='word_1_115' title='bbox 174 1395 308 1470; x_wconf 85' lang='lat' dir='ltr'><strong><em>rapientia</em></strong></span> <span class='ocrx_word' id='word_1_116' title='bbox 327 1394 486 1471; x_wconf 76' lang='lat' dir='ltr'><strong><em>consilioque</em></strong></span> <span class='ocrx_word' id='word_1_117' title='bbox 509 1393 666 1471; x_wconf 83' lang='lat' dir='ltr'><strong><em>praeditur,</em></strong></span> <span class='ocrx_word' id='word_1_118' title='bbox 695 1398 722 1450; x_wconf 93' lang='lat' dir='ltr'><strong><em>et</em></strong></span> <span class='ocrx_word' id='word_1_119' title='bbox 742 1392 776 1451; x_wconf 84' lang='lat' dir='ltr'><strong><em>ol</em></strong></span> <span class='ocrx_word' id='word_1_120' title='bbox 797 1396 953 1471; x_wconf 85' lang='lat' dir='ltr'><strong><em>imperatore</em></strong></span> <span class='ocrx_word' id='word_1_121' title='bbox 973 1391 1150 1450; x_wconf 77' lang='lat' dir='ltr'><strong><em>lenwolentia</em></strong></span> <span class='ocrx_word' id='word_1_122' title='bbox 1170 1392 1279 1452; x_wconf 77' lang='lat' dir='ltr'><strong><em>ianne·</em></strong></span> <span class='ocrx_word' id='word_1_123' title='bbox 1368 1421 1371 1438; x_wconf 91' lang='lat'>·</span> 
     </span>
     <span class='ocr_line' id='line_1_14' title="bbox 174 1473 1276 1556; baseline 0.001 -22"><span class='ocrx_word' id='word_1_124' title='bbox 174 1497 223 1553; x_wconf 76' lang='lat' dir='ltr'><strong><em>qaae</em></strong></span> <span class='ocrx_word' id='word_1_125' title='bbox 242 1478 381 1552; x_wconf 75' lang='lat' dir='ltr'><strong><em>singulari</em></strong></span> <span class='ocrx_word' id='word_1_126' title='bbox 394 1477 542 1553; x_wconf 76' lang='lat' dir='ltr'><strong><em>dignatur,</em></strong></span> <span class='ocrx_word' id='word_1_127' title='bbox 563 1483 607 1540; x_wconf 88' lang='lat' dir='ltr'><strong><em>ita</em></strong></span> <span class='ocrx_word' id='word_1_128' title='bbox 629 1483 661 1536; x_wconf 88' lang='lat' dir='ltr'><strong><em>ut</em></strong></span> <span class='ocrx_word' id='word_1_129' title='bbox 682 1481 762 1537; x_wconf 86' lang='lat' dir='ltr'><strong><em>etiarn</em></strong></span> <span class='ocrx_word' id='word_1_130' title='bbox 776 1474 877 1536; x_wconf 83' lang='lat' dir='ltr'><strong><em>Irenen</em></strong></span> <span class='ocrx_word' id='word_1_131' title='bbox 890 1479 983 1556; x_wconf 87' lang='lat' dir='ltr'><strong><em>filiurn</em></strong></span> <span class='ocrx_word' id='word_1_132' title='bbox 1005 1480 1062 1536; x_wconf 86' lang='lat' dir='ltr'><strong><em>einr</em></strong></span> <span class='ocrx_word' id='word_1_133' title='bbox 1075 1473 1171 1538; x_wconf 89' lang='lat' dir='ltr'><strong><em>Ioanni</em></strong></span> <span class='ocrx_word' id='word_1_134' title='bbox 1184 1477 1276 1556; x_wconf 76' lang='lat' dir='ltr'><strong><em>‹leopo-</em></strong></span> 
     </span>
     <span class='ocr_line' id='line_1_15' title="bbox 172 1561 1276 1641; baseline 0.002 -22"><span class='ocrx_word' id='word_1_135' title='bbox 172 1567 218 1619; x_wconf 90' lang='lat' dir='ltr'><strong><em>tae</em></strong></span> <span class='ocrx_word' id='word_1_136' title='bbox 236 1562 301 1639; x_wconf 81' lang='lat' dir='ltr'><strong><em>filio</em></strong></span> <span class='ocrx_word' id='word_1_137' title='bbox 320 1582 369 1620; x_wconf 85' lang='lat' dir='ltr'><strong><em>ruo</em></strong></span> <span class='ocrx_word' id='word_1_138' title='bbox 390 1566 490 1641; x_wconf 69' lang='lat' dir='ltr'><strong><em>nuptiis</em></strong></span> <span class='ocrx_word' id='word_1_139' title='bbox 518 1568 697 1640; x_wconf 85' lang='lat' dir='ltr'><strong><em>coniungeret.</em></strong></span> <span class='ocrx_word' id='word_1_140' title='bbox 741 1563 785 1621; x_wconf 86' lang='lat' dir='ltr'><strong><em>lrie</em></strong></span> <span class='ocrx_word' id='word_1_141' title='bbox 813 1561 978 1641; x_wconf 77' lang='lat' dir='ltr'><strong><em>Nicepleonn</em></strong></span> <span class='ocrx_word' id='word_1_142' title='bbox 1002 1565 1080 1640; x_wconf 78' lang='lat' dir='ltr'><strong><em>prius</em></strong></span> <span class='ocrx_word' id='word_1_143' title='bbox 1109 1565 1276 1640; x_wconf 84' lang='lat' dir='ltr'><strong><em>imperoton&#39;r</em></strong></span> 
     </span>
     <span class='ocr_line' id='line_1_16' title="bbox 172 1647 1277 1727; baseline 0.004 -23"><span class='ocrx_word' id='word_1_144' title='bbox 172 1647 314 1705; x_wconf 76' lang='lat' dir='ltr'><strong><em>domestica</em></strong></span> <span class='ocrx_word' id='word_1_145' title='bbox 341 1647 567 1706; x_wconf 61' lang='lat' dir='ltr'><strong><em>nunnutrolat:</em></strong></span> <span class='ocrx_word' id='word_1_146' title='bbox 598 1654 656 1707; x_wconf 84' lang='lat' dir='ltr'><strong><em>tarn</em></strong></span> <span class='ocrx_word' id='word_1_147' title='bbox 687 1653 777 1708; x_wconf 59' lang='lat' dir='ltr'><strong><em>anan</em></strong></span> <span class='ocrx_word' id='word_1_148' title='bbox 801 1647 928 1726; x_wconf 79' lang='lat' dir='ltr'><strong><em>podagra</em></strong></span> <span class='ocrx_word' id='word_1_149' title='bbox 949 1650 1118 1727; x_wconf 77' lang='lat' dir='ltr'><strong><em>conflictatur</em></strong></span> <span class='ocrx_word' id='word_1_150' title='bbox 1135 1647 1277 1725; x_wconf 73' lang='lat' dir='ltr'><strong><em>functione</em></strong></span> 
     </span>
     <span class='ocr_line' id='line_1_17' title="bbox 169 1724 1381 1812; baseline 0.002 -24"><span class='ocrx_word' id='word_1_151' title='bbox 169 1731 221 1790; x_wconf 79' lang='lat' dir='ltr'><strong><em>atla</em></strong></span> <span class='ocrx_word' id='word_1_152' title='bbox 241 1733 356 1792; x_wconf 82' lang='lat' dir='ltr'><strong><em>obierat.</em></strong></span> <span class='ocrx_word' id='word_1_153' title='bbox 398 1734 568 1792; x_wconf 74' lang='lat' dir='ltr'><strong><em>nihilominus</em></strong></span> <span class='ocrx_word' id='word_1_154' title='bbox 593 1753 691 1792; x_wconf 87' lang='lat' dir='ltr'><strong><em>rurnrno</em></strong></span> <span class='ocrx_word' id='word_1_155' title='bbox 711 1751 770 1792; x_wconf 86' lang='lat' dir='ltr'><strong><em>eum</em></strong></span> <span class='ocrx_word' id='word_1_156' title='bbox 790 1732 884 1792; x_wconf 71' lang='lat' dir='ltr'><strong><em>lonae</em></strong></span> <span class='ocrx_word' id='word_1_157' title='bbox 904 1736 1046 1811; x_wconf 73' lang='lat' dir='ltr'><strong><em>inperator</em></strong></span> <span class='ocrx_word' id='word_1_158' title='bbox 1061 1733 1276 1812; x_wconf 73' lang='lat' dir='ltr'><strong><em>prosequebatur.</em></strong></span> <span class='ocrx_word' id='word_1_159' title='bbox 1379 1724 1381 1732; x_wconf 65' lang='grc'>’</span> 
     </span>
    </p>
   </div>
   <div class='ocr_carea' id='block_1_3' title="bbox 168 1847 1304 2440">
    <p class='ocr_par' dir='ltr' id='par_1_3' title="bbox 168 1847 1304 2440">
     <span class='ocr_line' id='line_1_18' title="bbox 253 1847 1304 1928; baseline 0.007 -21"><span class='ocrx_word' id='word_1_160' title='bbox 253 1847 297 1906; x_wconf 84' lang='lat' dir='ltr'><strong><em>Ex</em></strong></span> <span class='ocrx_word' id='word_1_161' title='bbox 318 1848 372 1907; x_wconf 86' lang='lat' dir='ltr'><strong><em>hoc</em></strong></span> <span class='ocrx_word' id='word_1_162' title='bbox 391 1854 422 1906; x_wconf 89' lang='lat' dir='ltr'><strong><em>et</em></strong></span> <span class='ocrx_word' id='word_1_163' title='bbox 438 1849 581 1926; x_wconf 87' lang='lat' dir='ltr'><strong><em>praedicto</em></strong></span> <span class='ocrx_word' id='word_1_164' title='bbox 594 1849 747 1926; x_wconf 73' lang='lat' dir='ltr'><strong><em>Gregorae</em></strong></span> <span class='ocrx_word' id='word_1_165' title='bbox 766 1850 828 1909; x_wconf 91' lang='lat' dir='ltr'><strong><em>loco</em></strong></span> <span class='ocrx_word' id='word_1_166' title='bbox 843 1848 980 1928; x_wconf 80' lang='lat' dir='ltr'><strong><em>&#39;intelligis</em></strong></span> <span class='ocrx_word' id='word_1_167' title='bbox 1001 1868 1089 1927; x_wconf 89' lang='lat' dir='ltr'><strong><em>quare</em></strong></span> <span class='ocrx_word' id='word_1_168' title='bbox 1116 1853 1275 1928; x_wconf 84' lang='lat' dir='ltr'><strong><em>praefectus</em></strong></span> <span class='ocrx_word' id='word_1_169' title='bbox 1296 1893 1304 1915; x_wconf 76' lang='lat'>.</span> 
     </span>
     <span class='ocr_line' id='line_1_19' title="bbox 169 1933 1273 2014; baseline 0.002 -22"><span class='ocrx_word' id='word_1_170' title='bbox 169 1933 285 1992; x_wconf 88' lang='lat' dir='ltr'><strong><em>caniclei</em></strong></span> <span class='ocrx_word' id='word_1_171' title='bbox 307 1953 425 1992; x_wconf 71' lang='lat' dir='ltr'><strong><em>eunuco</em></strong></span> <span class='ocrx_word' id='word_1_172' title='bbox 445 1934 620 2011; x_wconf 84' lang='lat' dir='ltr'><strong><em>imperatoris</em></strong></span> <span class='ocrx_word' id='word_1_173' title='bbox 641 1935 845 2014; x_wconf 85' lang='lat' dir='ltr'><strong><em>appellaretur;</em></strong></span> <span class='ocrx_word' id='word_1_174' title='bbox 867 1937 934 2012; x_wconf 88' lang='lat' dir='ltr'><strong><em>quia</em></strong></span> <span class='ocrx_word' id='word_1_175' title='bbox 956 1941 1037 1994; x_wconf 85' lang='lat' dir='ltr'><strong><em>tanta</em></strong></span> <span class='ocrx_word' id='word_1_176' title='bbox 1057 1943 1118 1994; x_wconf 88' lang='lat' dir='ltr'><strong><em>erat</em></strong></span> <span class='ocrx_word' id='word_1_177' title='bbox 1138 1935 1207 1996; x_wconf 88' lang='lat' dir='ltr'><strong><em>haee</em></strong></span> <span class='ocrx_word' id='word_1_178' title='bbox 1229 1938 1273 1996; x_wconf 87' lang='lat' dir='ltr'><strong><em>di·</em></strong></span> 
     </span>
     <span class='ocr_line' id='line_1_20' title="bbox 170 2017 1273 2099; baseline 0.005 -24"><span class='ocrx_word' id='word_1_179' title='bbox 170 2019 284 2096; x_wconf 84' lang='lat' dir='ltr'><strong><em>gnitas,</em></strong></span> <span class='ocrx_word' id='word_1_180' title='bbox 317 2023 352 2076; x_wconf 86' lang='lat' dir='ltr'><strong><em>ut</em></strong></span> <span class='ocrx_word' id='word_1_181' title='bbox 372 2020 530 2096; x_wconf 86' lang='lat' dir='ltr'><strong><em>praefectus</em></strong></span> <span class='ocrx_word' id='word_1_182' title='bbox 551 2019 665 2078; x_wconf 87' lang='lat' dir='ltr'><strong><em>canielei</em></strong></span> <span class='ocrx_word' id='word_1_183' title='bbox 681 2026 779 2098; x_wconf 87' lang='lat' dir='ltr'><strong><em>posset</em></strong></span> <span class='ocrx_word' id='word_1_184' title='bbox 794 2019 851 2079; x_wconf 85' lang='lat' dir='ltr'><strong><em>filio</em></strong></span> <span class='ocrx_word' id='word_1_185' title='bbox 872 2041 925 2080; x_wconf 87' lang='lat' dir='ltr'><strong><em>suo</em></strong></span> <span class='ocrx_word' id='word_1_186' title='bbox 945 2022 1096 2099; x_wconf 87' lang='lat' dir='ltr'><strong><em>impetrare</em></strong></span> <span class='ocrx_word' id='word_1_187' title='bbox 1117 2017 1200 2078; x_wconf 88' lang='lat' dir='ltr'><strong><em>filiam</em></strong></span> <span class='ocrx_word' id='word_1_188' title='bbox 1219 2021 1273 2080; x_wconf 85' lang='lat' dir='ltr'><strong><em>im-</em></strong></span> 
     </span>
     <span class='ocr_line' id='line_1_21' title="bbox 168 2103 1273 2185; baseline 0.004 -25"><span class='ocrx_word' id='word_1_189' title='bbox 168 2103 309 2183; x_wconf 85' lang='lat' dir='ltr'><strong><em>peratoris</em></strong></span> <span class='ocrx_word' id='word_1_190' title='bbox 330 2108 361 2161; x_wconf 89' lang='lat' dir='ltr'><strong><em>et</em></strong></span> <span class='ocrx_word' id='word_1_191' title='bbox 380 2103 452 2160; x_wconf 86' lang='lat' dir='ltr'><strong><em>filiae</em></strong></span> <span class='ocrx_word' id='word_1_192' title='bbox 472 2103 565 2162; x_wconf 84' lang='lat' dir='ltr'><strong><em>fliium.</em></strong></span> <span class='ocrx_word' id='word_1_193' title='bbox 608 2104 673 2164; x_wconf 90' lang='lat' dir='ltr'><strong><em>hinc</em></strong></span> <span class='ocrx_word' id='word_1_194' title='bbox 700 2105 928 2185; x_wconf 73' lang='grc' dir='ltr'><strong><em>συμπὲνθεροςε</em></strong></span> <span class='ocrx_word' id='word_1_195' title='bbox 955 2123 1020 2164; x_wconf 87' lang='lat' dir='ltr'><strong><em>nam</em></strong></span> <span class='ocrx_word' id='word_1_196' title='bbox 1049 2105 1208 2182; x_wconf 87' lang='lat' dir='ltr'><strong><em>praefectus</em></strong></span> <span class='ocrx_word' id='word_1_197' title='bbox 1225 2125 1273 2164; x_wconf 88' lang='lat' dir='ltr'><strong><em>ca-</em></strong></span> 
     </span>
     <span class='ocr_line' id='line_1_22' title="bbox 169 2187 1274 2267; baseline 0.004 -22"><span class='ocrx_word' id='word_1_198' title='bbox 169 2189 251 2246; x_wconf 90' lang='lat' dir='ltr'><strong><em>niclei</em></strong></span> <span class='ocrx_word' id='word_1_199' title='bbox 271 2208 289 2247; x_wconf 89' lang='lat' dir='ltr'><strong><em>a</em></strong></span> <span class='ocrx_word' id='word_1_200' title='bbox 309 2187 365 2246; x_wconf 89' lang='lat' dir='ltr'><strong><em>filia</em></strong></span> <span class='ocrx_word' id='word_1_201' title='bbox 382 2189 574 2266; x_wconf 69' lang='lat' dir='ltr'><strong><em>aspernaris,</em></strong></span> <span class='ocrx_word' id='word_1_202' title='bbox 595 2191 620 2248; x_wconf 91' lang='lat' dir='ltr'><strong><em>si</em></strong></span> <span class='ocrx_word' id='word_1_203' title='bbox 641 2195 731 2266; x_wconf 79' lang='lat' dir='ltr'><strong><em>nupta</em></strong></span> <span class='ocrx_word' id='word_1_204' title='bbox 750 2190 808 2248; x_wconf 85' lang='lat' dir='ltr'><strong><em>lilio</em></strong></span> <span class='ocrx_word' id='word_1_205' title='bbox 829 2195 922 2267; x_wconf 83' lang='lat' dir='ltr'><strong><em>esset,</em></strong></span> <span class='ocrx_word' id='word_1_206' title='bbox 941 2189 1096 2249; x_wconf 87' lang='lat' dir='ltr'><strong><em>vocabatur</em></strong></span> <span class='ocrx_word' id='word_1_207' title='bbox 1115 2208 1211 2266; x_wconf 85' lang='lat' dir='ltr'><strong><em>socer,</em></strong></span> <span class='ocrx_word' id='word_1_208' title='bbox 1242 2195 1274 2249; x_wconf 91' lang='lat' dir='ltr'><strong><em>et</em></strong></span> 
     </span>
     <span class='ocr_line' id='line_1_23' title="bbox 169 2265 1273 2352; baseline 0.005 -21"><span class='ocrx_word' id='word_1_209' title='bbox 169 2275 321 2352; x_wconf 89' lang='lat' dir='ltr'><strong><em>imperator</em></strong></span> <span class='ocrx_word' id='word_1_210' title='bbox 340 2291 359 2332; x_wconf 84' lang='lat' dir='ltr'><strong><em>a</em></strong></span> <span class='ocrx_word' id='word_1_211' title='bbox 378 2271 435 2332; x_wconf 84' lang='lat' dir='ltr'><strong><em>filia</em></strong></span> <span class='ocrx_word' id='word_1_212' title='bbox 454 2274 589 2352; x_wconf 86' lang='lat' dir='ltr'><strong><em>praefecti</em></strong></span> <span class='ocrx_word' id='word_1_213' title='bbox 608 2274 720 2334; x_wconf 68' lang='lat' dir='ltr'><strong><em>uniciei</em></strong></span> <span class='ocrx_word' id='word_1_214' title='bbox 750 2293 839 2334; x_wconf 85' lang='lat' dir='ltr'><strong><em>socer.</em></strong></span> <span class='ocrx_word' id='word_1_215' title='bbox 880 2265 957 2334; x_wconf 88' lang='lat' dir='ltr'><strong><em>idem</em></strong></span> <span class='ocrx_word' id='word_1_216' title='bbox 977 2276 1082 2332; x_wconf 87' lang='lat' dir='ltr'><strong><em>factum</em></strong></span> <span class='ocrx_word' id='word_1_217' title='bbox 1103 2275 1218 2350; x_wconf 88' lang='lat' dir='ltr'><strong><em>quando</em></strong></span> <span class='ocrx_word' id='word_1_218' title='bbox 1239 2275 1273 2336; x_wconf 81' lang='lat' dir='ltr'><strong><em>fi-</em></strong></span> 
     </span>
     <span class='ocr_line' id='line_1_24' title="bbox 168 2358 1220 2440; baseline 0.001 -22"><span class='ocrx_word' id='word_1_219' title='bbox 168 2358 223 2418; x_wconf 88' lang='lat' dir='ltr'><strong><em>lius</em></strong></span> <span class='ocrx_word' id='word_1_220' title='bbox 241 2359 420 2438; x_wconf 86' lang='lat' dir='ltr'><strong><em>imperatoris</em></strong></span> <span class='ocrx_word' id='word_1_221' title='bbox 441 2359 471 2417; x_wconf 91' lang='lat' dir='ltr'><strong><em>in</em></strong></span> <span class='ocrx_word' id='word_1_222' title='bbox 491 2359 668 2419; x_wconf 82' lang='lat' dir='ltr'><strong><em>matrimonio</em></strong></span> <span class='ocrx_word' id='word_1_223' title='bbox 688 2359 812 2418; x_wconf 86' lang='lat' dir='ltr'><strong><em>habebat</em></strong></span> <span class='ocrx_word' id='word_1_224' title='bbox 830 2359 915 2418; x_wconf 86' lang='lat' dir='ltr'><strong><em>filiam</em></strong></span> <span class='ocrx_word' id='word_1_225' title='bbox 935 2361 1069 2440; x_wconf 84' lang='lat' dir='ltr'><strong><em>praefecti</em></strong></span> <span class='ocrx_word' id='word_1_226' title='bbox 1090 2359 1220 2419; x_wconf 71' lang='lat' dir='ltr'><strong><em>caniciei.</em></strong></span> 
     </span>
    </p>
   </div>
   <div class='ocr_carea' id='block_1_4' title="bbox 160 2475 1274 3492">
    <p class='ocr_par' dir='ltr' id='par_1_4' title="bbox 160 2475 1274 3492">
     <span class='ocr_line' id='line_1_25' title="bbox 251 2475 1274 2557; baseline -0.001 -20"><span class='ocrx_word' id='word_1_227' title='bbox 251 2476 332 2537; x_wconf 88' lang='lat' dir='ltr'><strong><em>Idem</em></strong></span> <span class='ocrx_word' id='word_1_228' title='bbox 354 2477 569 2547; x_wconf 77' lang='lat' dir='ltr'><strong><em>Cantnouzenus</em></strong></span> <span class='ocrx_word' id='word_1_229' title='bbox 588 2475 609 2541; x_wconf 81' lang='grc'>4</span> <span class='ocrx_word' id='word_1_230' title='bbox 627 2477 685 2541; x_wconf 83' lang='lat'><strong><em>40:</em></strong></span> <span class='ocrx_word' id='word_1_231' title='bbox 717 2477 896 2556; x_wconf 86' lang='lat' dir='ltr'><strong><em>Polaeologur</em></strong></span> <span class='ocrx_word' id='word_1_232' title='bbox 912 2478 1060 2557; x_wconf 82' lang='lat' dir='ltr'><strong><em>praesidem</em></strong></span> <span class='ocrx_word' id='word_1_233' title='bbox 1081 2479 1196 2536; x_wconf 84' lang='lat' dir='ltr'><strong><em>toniolei</em></strong></span> <span class='ocrx_word' id='word_1_234' title='bbox 1213 2479 1274 2536; x_wconf 83' lang='lat' dir='ltr'><strong><em>Aa·</em></strong></span> 
     </span>
     <span class='ocr_line' id='line_1_26' title="bbox 166 2562 1273 2641; baseline 0 -19"><span class='ocrx_word' id='word_1_235' title='bbox 166 2563 255 2640; x_wconf 83' lang='lat' dir='ltr'><strong><em>gelum</em></strong></span> <span class='ocrx_word' id='word_1_236' title='bbox 273 2563 392 2638; x_wconf 83' lang='lat' dir='ltr'><strong><em>legatum</em></strong></span> <span class='ocrx_word' id='word_1_237' title='bbox 411 2567 503 2623; x_wconf 85' lang='lat' dir='ltr'><strong><em>raittit.</em></strong></span> <span class='ocrx_word' id='word_1_238' title='bbox 546 2563 662 2622; x_wconf 80' lang='lat' dir='ltr'><strong><em>Nrcetas</em></strong></span> <span class='ocrx_word' id='word_1_239' title='bbox 680 2563 835 2623; x_wconf 70' lang='lat' dir='ltr'><strong><em>choniates</em></strong></span> <span class='ocrx_word' id='word_1_240' title='bbox 858 2563 905 2623; x_wconf 90' lang='lat' dir='ltr'><strong><em>lib.</em></strong></span> <span class='ocrx_word' id='word_1_241' title='bbox 923 2566 940 2626; x_wconf 90' lang='lat'>1</span> <span class='ocrx_word' id='word_1_242' title='bbox 961 2565 997 2623; x_wconf 89' lang='lat' dir='ltr'><strong><em>de</em></strong></span> <span class='ocrx_word' id='word_1_243' title='bbox 1008 2563 1091 2623; x_wconf 88' lang='lat' dir='ltr'><strong><em>rebus</em></strong></span> <span class='ocrx_word' id='word_1_244' title='bbox 1106 2563 1194 2641; x_wconf 85' lang='lat' dir='ltr'><strong><em>gestis</em></strong></span> <span class='ocrx_word' id='word_1_245' title='bbox 1209 2562 1273 2622; x_wconf 73' lang='lat' dir='ltr'><strong><em>Ma-</em></strong></span> 
     </span>
     <span class='ocr_line' id='line_1_27' title="bbox 165 2646 1272 2731; baseline 0.002 -24"><span class='ocrx_word' id='word_1_246' title='bbox 165 2646 256 2707; x_wconf 82' lang='lat' dir='ltr'><strong><em>nuelis</em></strong></span> <span class='ocrx_word' id='word_1_247' title='bbox 277 2648 430 2731; x_wconf 75' lang='lat' dir='ltr'><strong><em>Comneni,</em></strong></span> <span class='ocrx_word' id='word_1_248' title='bbox 452 2649 488 2707; x_wconf 87' lang='lat' dir='ltr'><strong><em>de</em></strong></span> <span class='ocrx_word' id='word_1_249' title='bbox 504 2649 658 2727; x_wconf 87' lang='lat' dir='ltr'><strong><em>Styppiota</em></strong></span> <span class='ocrx_word' id='word_1_250' title='bbox 670 2668 772 2726; x_wconf 87' lang='lat' dir='ltr'><strong><em>agens:</em></strong></span> <span class='ocrx_word' id='word_1_251' title='bbox 794 2649 900 2709; x_wconf 82' lang='lat' dir='ltr'><strong><em>tandem</em></strong></span> <span class='ocrx_word' id='word_1_252' title='bbox 920 2647 958 2708; x_wconf 82' lang='lat' dir='ltr'><strong><em>ool</em></strong></span> <span class='ocrx_word' id='word_1_253' title='bbox 973 2649 1088 2708; x_wconf 85' lang='lat' dir='ltr'><strong><em>eonielei</em></strong></span> <span class='ocrx_word' id='word_1_254' title='bbox 1100 2649 1272 2726; x_wconf 79' lang='lat' dir='ltr'><strong><em>magnifieum</em></strong></span> 
     </span>
     <span class='ocr_line' id='line_1_28' title="bbox 166 2733 1271 2812; baseline 0.002 -20"><span class='ocrx_word' id='word_1_255' title='bbox 166 2753 261 2793; x_wconf 77' lang='lat' dir='ltr'><strong><em>munus</em></strong></span> <span class='ocrx_word' id='word_1_256' title='bbox 279 2738 308 2791; x_wconf 93' lang='lat' dir='ltr'><strong><em>et</em></strong></span> <span class='ocrx_word' id='word_1_257' title='bbox 328 2735 449 2792; x_wconf 88' lang='lat' dir='ltr'><strong><em>intimam</em></strong></span> <span class='ocrx_word' id='word_1_258' title='bbox 473 2738 555 2793; x_wconf 86' lang='lat' dir='ltr'><strong><em>etiam</em></strong></span> <span class='ocrx_word' id='word_1_259' title='bbox 577 2737 742 2811; x_wconf 79' lang='lat' dir='ltr'><strong><em>imperatoris</em></strong></span> <span class='ocrx_word' id='word_1_260' title='bbox 762 2733 982 2812; x_wconf 82' lang='lat' dir='ltr'><strong><em>familiaritatem</em></strong></span> <span class='ocrx_word' id='word_1_261' title='bbox 1009 2739 1157 2812; x_wconf 83' lang='lat' dir='ltr'><strong><em>promotum</em></strong></span> <span class='ocrx_word' id='word_1_262' title='bbox 1181 2737 1271 2810; x_wconf 78' lang='lat' dir='ltr'><strong><em>magis</em></strong></span> 
     </span>
     <span class='ocr_line' id='line_1_29' title="bbox 165 2817 1271 2896; baseline 0 -19"><span class='ocrx_word' id='word_1_263' title='bbox 165 2822 245 2878; x_wconf 84' lang='lat' dir='ltr'><strong><em>etiam</em></strong></span> <span class='ocrx_word' id='word_1_264' title='bbox 266 2817 374 2881; x_wconf 77' lang='lat' dir='ltr'><strong><em>extulit.</em></strong></span> <span class='ocrx_word' id='word_1_265' title='bbox 395 2817 468 2875; x_wconf 87' lang='lat' dir='ltr'><strong><em>hano</em></strong></span> <span class='ocrx_word' id='word_1_266' title='bbox 491 2825 585 2877; x_wconf 89' lang='lat' dir='ltr'><strong><em>tamen</em></strong></span> <span class='ocrx_word' id='word_1_267' title='bbox 602 2825 710 2878; x_wconf 85' lang='lat' dir='ltr'><strong><em>tantam</em></strong></span> <span class='ocrx_word' id='word_1_268' title='bbox 725 2820 892 2896; x_wconf 87' lang='lat' dir='ltr'><strong><em>dignitatem</em></strong></span> <span class='ocrx_word' id='word_1_269' title='bbox 911 2837 962 2878; x_wconf 88' lang='lat' dir='ltr'><strong><em>sua</em></strong></span> <span class='ocrx_word' id='word_1_270' title='bbox 978 2820 1141 2896; x_wconf 83' lang='lat' dir='ltr'><strong><em>granditate</em></strong></span> <span class='ocrx_word' id='word_1_271' title='bbox 1156 2818 1271 2877; x_wconf 86' lang='lat' dir='ltr'><strong><em>inferio-</em></strong></span> 
     </span>
     <span class='ocr_line' id='line_1_30' title="bbox 164 2902 1270 2982; baseline 0.001 -21"><span class='ocrx_word' id='word_1_272' title='bbox 164 2921 224 2961; x_wconf 87' lang='lat' dir='ltr'><strong><em>rem</em></strong></span> <span class='ocrx_word' id='word_1_273' title='bbox 238 2903 318 2961; x_wconf 87' lang='lat' dir='ltr'><strong><em>duxit</em></strong></span> <span class='ocrx_word' id='word_1_274' title='bbox 333 2903 538 2961; x_wconf 84' lang='lat' dir='ltr'><strong><em>Constantinus</em></strong></span> <span class='ocrx_word' id='word_1_275' title='bbox 552 2904 787 2982; x_wconf 84' lang='lat' dir='ltr'><strong><em>Mesopotamita,</em></strong></span> <span class='ocrx_word' id='word_1_276' title='bbox 809 2911 842 2963; x_wconf 91' lang='lat' dir='ltr'><strong><em>ut</em></strong></span> <span class='ocrx_word' id='word_1_277' title='bbox 856 2904 926 2962; x_wconf 88' lang='lat' dir='ltr'><strong><em>libro</em></strong></span> <span class='ocrx_word' id='word_1_278' title='bbox 941 2907 962 2966; x_wconf 80' lang='lat'>2</span> <span class='ocrx_word' id='word_1_279' title='bbox 980 2905 1017 2963; x_wconf 91' lang='lat' dir='ltr'><strong><em>de</em></strong></span> <span class='ocrx_word' id='word_1_280' title='bbox 1030 2902 1129 2962; x_wconf 81' lang='lat' dir='ltr'><strong><em>Alexio</em></strong></span> <span class='ocrx_word' id='word_1_281' title='bbox 1146 2905 1270 2962; x_wconf 81' lang='lat' dir='ltr'><strong><em>Comne-</em></strong></span> 
     </span>
     <span class='ocr_line' id='line_1_31' title="bbox 163 2987 1270 3073; baseline -0.001 -26"><span class='ocrx_word' id='word_1_282' title='bbox 163 3006 202 3047; x_wconf 88' lang='lat' dir='ltr'><strong><em>no</em></strong></span> <span class='ocrx_word' id='word_1_283' title='bbox 213 2988 310 3046; x_wconf 85' lang='lat' dir='ltr'><strong><em>scribit</em></strong></span> <span class='ocrx_word' id='word_1_284' title='bbox 320 2988 395 3045; x_wconf 87' lang='lat' dir='ltr'><strong><em>idem</em></strong></span> <span class='ocrx_word' id='word_1_285' title='bbox 408 2987 538 3073; x_wconf 66' lang='lat' dir='ltr'><strong><em>Nicetasg</em></strong></span> <span class='ocrx_word' id='word_1_286' title='bbox 560 2991 674 3049; x_wconf 74' lang='lat' dir='ltr'><strong><em>earnclei</em></strong></span> <span class='ocrx_word' id='word_1_287' title='bbox 688 2990 825 3069; x_wconf 73' lang='lat' dir='ltr'><strong><em>offitium,</em></strong></span> <span class='ocrx_word' id='word_1_288' title='bbox 845 2990 954 3066; x_wconf 87' lang='lat' dir='ltr'><strong><em>inquit,</em></strong></span> <span class='ocrx_word' id='word_1_289' title='bbox 981 2991 1050 3069; x_wconf 80' lang='lat' dir='ltr'><strong><em>quael</em></strong></span> <span class='ocrx_word' id='word_1_290' title='bbox 1069 2989 1164 3048; x_wconf 84' lang='lat' dir='ltr'><strong><em>Iraoeo</em></strong></span> <span class='ocrx_word' id='word_1_291' title='bbox 1184 2993 1270 3066; x_wconf 80' lang='lat' dir='ltr'><strong><em>inope-</em></strong></span> 
     </span>
     <span class='ocr_line' id='line_1_32' title="bbox 163 3073 1268 3154; baseline 0.002 -23"><span class='ocrx_word' id='word_1_292' title='bbox 163 3079 241 3131; x_wconf 88' lang='lat' dir='ltr'><strong><em>rante</em></strong></span> <span class='ocrx_word' id='word_1_293' title='bbox 259 3073 425 3144; x_wconf 76' lang='lat' dir='ltr'><strong><em>obtinuerat,</em></strong></span> <span class='ocrx_word' id='word_1_294' title='bbox 443 3078 470 3132; x_wconf 89' lang='lat' dir='ltr'><strong><em>ei</em></strong></span> <span class='ocrx_word' id='word_1_295' title='bbox 488 3094 580 3132; x_wconf 83' lang='lat' dir='ltr'><strong><em>rurrur</em></strong></span> <span class='ocrx_word' id='word_1_296' title='bbox 596 3075 769 3150; x_wconf 84' lang='lat' dir='ltr'><strong><em>offerebatur,</em></strong></span> <span class='ocrx_word' id='word_1_297' title='bbox 791 3082 823 3134; x_wconf 88' lang='lat' dir='ltr'><strong><em>ut</em></strong></span> <span class='ocrx_word' id='word_1_298' title='bbox 841 3096 888 3134; x_wconf 86' lang='lat' dir='ltr'><strong><em>ruo</em></strong></span> <span class='ocrx_word' id='word_1_299' title='bbox 906 3075 1026 3152; x_wconf 80' lang='lat' dir='ltr'><strong><em>fastigio</em></strong></span> <span class='ocrx_word' id='word_1_300' title='bbox 1042 3075 1158 3154; x_wconf 73' lang='lat' dir='ltr'><strong><em>inferius</em></strong></span> <span class='ocrx_word' id='word_1_301' title='bbox 1168 3078 1268 3133; x_wconf 86' lang='lat' dir='ltr'><strong><em>renuit.</em></strong></span> 
     </span>
     <span class='ocr_line' id='line_1_33' title="bbox 164 3155 1268 3238; baseline 0.002 -23"><span class='ocrx_word' id='word_1_302' title='bbox 164 3157 304 3232; x_wconf 82' lang='lat' dir='ltr'><strong><em>Georgius</em></strong></span> <span class='ocrx_word' id='word_1_303' title='bbox 325 3155 472 3233; x_wconf 81' lang='lat' dir='ltr'><strong><em>logotheta</em></strong></span> <span class='ocrx_word' id='word_1_304' title='bbox 493 3158 657 3237; x_wconf 80' lang='lat' dir='ltr'><strong><em>Acropolita</em></strong></span> <span class='ocrx_word' id='word_1_305' title='bbox 681 3161 711 3218; x_wconf 88' lang='lat' dir='ltr'><strong><em>iu</em></strong></span> <span class='ocrx_word' id='word_1_306' title='bbox 734 3160 864 3220; x_wconf 85' lang='lat' dir='ltr'><strong><em>chronico</em></strong></span> <span class='ocrx_word' id='word_1_307' title='bbox 890 3156 1063 3238; x_wconf 79' lang='lat' dir='ltr'><strong><em>Cpolitan0,&#39;</em></strong></span> <span class='ocrx_word' id='word_1_308' title='bbox 1087 3177 1145 3218; x_wconf 89' lang='lat' dir='ltr'><strong><em>non</em></strong></span> <span class='ocrx_word' id='word_1_309' title='bbox 1169 3157 1268 3236; x_wconf 88' lang='lat' dir='ltr'><strong><em>procul</em></strong></span> 
     </span>
     <span class='ocr_line' id='line_1_34' title="bbox 162 3241 1268 3324; baseline -0.001 -23"><span class='ocrx_word' id='word_1_310' title='bbox 162 3262 182 3301; x_wconf 88' lang='lat' dir='ltr'><strong><em>a</em></strong></span> <span class='ocrx_word' id='word_1_311' title='bbox 200 3242 269 3299; x_wconf 86' lang='lat' dir='ltr'><strong><em>fine:</em></strong></span> <span class='ocrx_word' id='word_1_312' title='bbox 290 3243 364 3298; x_wconf 87' lang='lat' dir='ltr'><strong><em>rnirit</em></strong></span> <span class='ocrx_word' id='word_1_313' title='bbox 378 3246 518 3320; x_wconf 86' lang='lat' dir='ltr'><strong><em>inperator</em></strong></span> <span class='ocrx_word' id='word_1_314' title='bbox 532 3244 570 3303; x_wconf 84' lang='lat' dir='ltr'><strong><em>ool</em></strong></span> <span class='ocrx_word' id='word_1_315' title='bbox 582 3264 670 3322; x_wconf 87' lang='lat' dir='ltr'><strong><em>regern</em></strong></span> <span class='ocrx_word' id='word_1_316' title='bbox 687 3246 803 3305; x_wconf 83' lang='lat' dir='ltr'><strong><em>Siciliae</em></strong></span> <span class='ocrx_word' id='word_1_317' title='bbox 817 3251 956 3324; x_wconf 83' lang='lat' dir='ltr'><strong><em>apostatae</em></strong></span> <span class='ocrx_word' id='word_1_318' title='bbox 975 3262 1098 3322; x_wconf 83' lang='lat' dir='ltr'><strong><em>generum</em></strong></span> <span class='ocrx_word' id='word_1_319' title='bbox 1115 3263 1162 3320; x_wconf 87' lang='lat' dir='ltr'><strong><em>per</em></strong></span> <span class='ocrx_word' id='word_1_320' title='bbox 1181 3241 1268 3301; x_wconf 85' lang='lat' dir='ltr'><strong><em>Nice-</em></strong></span> 
     </span>
     <span class='ocr_line' id='line_1_35' title="bbox 160 3325 1267 3408; baseline 0.002 -24"><span class='ocrx_word' id='word_1_321' title='bbox 160 3327 272 3406; x_wconf 81' lang='lat' dir='ltr'><strong><em>plrornm</em></strong></span> <span class='ocrx_word' id='word_1_322' title='bbox 291 3325 451 3398; x_wconf 80' lang='lat' dir='ltr'><strong><em>eanieleun3</em></strong></span> <span class='ocrx_word' id='word_1_323' title='bbox 479 3328 527 3386; x_wconf 91' lang='lat' dir='ltr'><strong><em>ubi</em></strong></span> <span class='ocrx_word' id='word_1_324' title='bbox 544 3329 607 3407; x_wconf 89' lang='lat' dir='ltr'><strong><em>ipse</em></strong></span> <span class='ocrx_word' id='word_1_325' title='bbox 623 3329 746 3390; x_wconf 89' lang='lat' dir='ltr'><strong><em>canieleo</em></strong></span> <span class='ocrx_word' id='word_1_326' title='bbox 766 3331 926 3408; x_wconf 84' lang='lat' dir='ltr'><strong><em>praefectus</em></strong></span> <span class='ocrx_word' id='word_1_327' title='bbox 945 3330 1078 3390; x_wconf 84' lang='lat' dir='ltr'><strong><em>eonielnor</em></strong></span> <span class='ocrx_word' id='word_1_328' title='bbox 1097 3327 1267 3408; x_wconf 85' lang='lat' dir='ltr'><strong><em>appellatur,</em></strong></span> 
     </span>
     <span class='ocr_line' id='line_1_36' title="bbox 161 3410 925 3492; baseline 0.01 -22"><span class='ocrx_word' id='word_1_329' title='bbox 161 3420 195 3471; x_wconf 92' lang='lat' dir='ltr'><strong><em>ut</em></strong></span> <span class='ocrx_word' id='word_1_330' title='bbox 205 3417 236 3472; x_wconf 89' lang='lat' dir='ltr'><strong><em>et</em></strong></span> <span class='ocrx_word' id='word_1_331' title='bbox 248 3411 278 3473; x_wconf 85' lang='lat' dir='ltr'><strong><em>in</em></strong></span> <span class='ocrx_word' id='word_1_332' title='bbox 288 3410 479 3488; x_wconf 83' lang='lat' dir='ltr'><strong><em>disputatione</em></strong></span> <span class='ocrx_word' id='word_1_333' title='bbox 498 3413 644 3492; x_wconf 87' lang='lat' dir='ltr'><strong><em>Gregentii</em></strong></span> <span class='ocrx_word' id='word_1_334' title='bbox 658 3417 847 3477; x_wconf 79' lang='grc' dir='ltr'><strong><em>κανικλείων.</em></strong></span> <span class='ocrx_word' id='word_1_335' title='bbox 923 3425 925 3429; x_wconf 81' lang='grc'><strong>’</strong></span> 
     </span>
    </p>
   </div>
   <div class='ocr_carea' id='block_1_5' title="bbox 153 3529 1303 4382">
    <p class='ocr_par' dir='ltr' id='par_1_5' title="bbox 153 3529 1303 4382">
     <span class='ocr_line' id='line_1_37' title="bbox 245 3529 1266 3610; baseline 0.001 -21"><span class='ocrx_word' id='word_1_336' title='bbox 245 3529 367 3589; x_wconf 86' lang='lat' dir='ltr'><strong><em>Duravit</em></strong></span> <span class='ocrx_word' id='word_1_337' title='bbox 379 3529 449 3588; x_wconf 85' lang='lat' dir='ltr'><strong><em>haec</em></strong></span> <span class='ocrx_word' id='word_1_338' title='bbox 462 3531 585 3608; x_wconf 82' lang='lat' dir='ltr'><strong><em>dignitas</em></strong></span> <span class='ocrx_word' id='word_1_339' title='bbox 601 3533 640 3592; x_wconf 84' lang='lat' dir='ltr'><strong><em>ad</em></strong></span> <span class='ocrx_word' id='word_1_340' title='bbox 656 3532 764 3609; x_wconf 88' lang='lat' dir='ltr'><strong><em>imperii</em></strong></span> <span class='ocrx_word' id='word_1_341' title='bbox 779 3529 923 3610; x_wconf 85' lang='lat' dir='ltr'><strong><em>Cpolitani</em></strong></span> <span class='ocrx_word' id='word_1_342' title='bbox 941 3533 1065 3590; x_wconf 81' lang='lat' dir='ltr'><strong><em>extrema</em></strong></span> <span class='ocrx_word' id='word_1_343' title='bbox 1083 3547 1174 3606; x_wconf 82' lang='lat' dir='ltr'><strong><em>usqne</em></strong></span> <span class='ocrx_word' id='word_1_344' title='bbox 1194 3535 1266 3590; x_wconf 65' lang='lat' dir='ltr'><strong><em>um-</em></strong></span> 
     </span>
     <span class='ocr_line' id='line_1_38' title="bbox 160 3615 1268 3695; baseline 0 -19"><span class='ocrx_word' id='word_1_345' title='bbox 160 3635 240 3694; x_wconf 80' lang='lat' dir='ltr'><strong><em>pora</em></strong></span> <span class='ocrx_word' id='word_1_346' title='bbox 281 3615 467 3692; x_wconf 86' lang='lat' dir='ltr'><strong><em>Palaeologus</em></strong></span> <span class='ocrx_word' id='word_1_347' title='bbox 481 3620 557 3695; x_wconf 85' lang='lat' dir='ltr'><strong><em>apud</em></strong></span> <span class='ocrx_word' id='word_1_348' title='bbox 574 3617 838 3681; x_wconf 79' lang='lat' dir='ltr'><strong><em>Phrenzem217:</em></strong></span> <span class='ocrx_word' id='word_1_349' title='bbox 859 3617 929 3676; x_wconf 77' lang='lat' dir='ltr'><strong><em>eaor</em></strong></span> <span class='ocrx_word' id='word_1_350' title='bbox 947 3623 999 3692; x_wconf 82' lang='lat' dir='ltr'><strong><em>ego</em></strong></span> <span class='ocrx_word' id='word_1_351' title='bbox 1018 3633 1124 3674; x_wconf 77' lang='lat' dir='ltr'><strong><em>nonem</em></strong></span> <span class='ocrx_word' id='word_1_352' title='bbox 1137 3615 1268 3676; x_wconf 74' lang='lat' dir='ltr'><strong><em>Helenam</em></strong></span> 
     </span>
     <span class='ocr_line' id='line_1_39' title="bbox 153 3701 1267 3781; baseline -0.002 -20"><span class='ocrx_word' id='word_1_353' title='bbox 153 3703 248 3780; x_wconf 80' lang='lat' dir='ltr'><strong><em>filiano</em></strong></span> <span class='ocrx_word' id='word_1_354' title='bbox 257 3703 350 3760; x_wconf 78' lang='lat' dir='ltr'><strong><em>Alexii</em></strong></span> <span class='ocrx_word' id='word_1_355' title='bbox 362 3701 520 3778; x_wconf 85' lang='lat' dir='ltr'><strong><em>Potoeologi</em></strong></span> <span class='ocrx_word' id='word_1_356' title='bbox 530 3702 752 3780; x_wconf 76' lang='lat' dir='ltr'><strong><em>Exemplaeooir‚</em></strong></span> <span class='ocrx_word' id='word_1_357' title='bbox 768 3705 817 3780; x_wconf 82' lang='lat' dir='ltr'><strong><em>qui</em></strong></span> <span class='ocrx_word' id='word_1_358' title='bbox 831 3702 947 3760; x_wconf 84' lang='lat' dir='ltr'><strong><em>eanialeo</em></strong></span> <span class='ocrx_word' id='word_1_359' title='bbox 957 3707 1090 3780; x_wconf 85' lang='lat' dir='ltr'><strong><em>praeerat.</em></strong></span> <span class='ocrx_word' id='word_1_360' title='bbox 1118 3701 1148 3759; x_wconf 87' lang='lat' dir='ltr'><strong><em>in</em></strong></span> <span class='ocrx_word' id='word_1_361' title='bbox 1168 3702 1267 3781; x_wconf 89' lang='lat' dir='ltr'><strong><em>dispu-</em></strong></span> 
     </span>
     <span class='ocr_line' id='line_1_40' title="bbox 160 3786 1266 3866; baseline 0.001 -21"><span class='ocrx_word' id='word_1_362' title='bbox 160 3788 269 3846; x_wconf 84' lang='lat' dir='ltr'><strong><em>tatione</em></strong></span> <span class='ocrx_word' id='word_1_363' title='bbox 279 3786 427 3864; x_wconf 88' lang='lat' dir='ltr'><strong><em>Gregentii</em></strong></span> <span class='ocrx_word' id='word_1_364' title='bbox 436 3787 605 3864; x_wconf 83' lang='lat' dir='ltr'><strong><em>imperator:</em></strong></span> <span class='ocrx_word' id='word_1_365' title='bbox 623 3787 716 3846; x_wconf 79' lang='lat' dir='ltr'><strong><em>Erine</em></strong></span> <span class='ocrx_word' id='word_1_366' title='bbox 728 3805 779 3845; x_wconf 83' lang='lat' dir='ltr'><strong><em>seu</em></strong></span> <span class='ocrx_word' id='word_1_367' title='bbox 793 3787 930 3846; x_wconf 88' lang='lat' dir='ltr'><strong><em>Herbano</em></strong></span> <span class='ocrx_word' id='word_1_368' title='bbox 939 3787 1066 3866; x_wconf 76' lang='lat' dir='ltr'><strong><em>patrinus</em></strong></span> <span class='ocrx_word' id='word_1_369' title='bbox 1076 3803 1123 3846; x_wconf 83' lang='lat' dir='ltr'><strong><em>reu</em></strong></span> <span class='ocrx_word' id='word_1_370' title='bbox 1133 3795 1266 3866; x_wconf 65' lang='lat' dir='ltr'><strong><em>inceptor</em></strong></span> 
     </span>
     <span class='ocr_line' id='line_1_41' title="bbox 158 3870 1303 3953; baseline 0.003 -22"><span class='ocrx_word' id='word_1_371' title='bbox 158 3873 188 3931; x_wconf 89' lang='lat' dir='ltr'><strong><em>in</em></strong></span> <span class='ocrx_word' id='word_1_372' title='bbox 197 3872 327 3950; x_wconf 83' lang='lat' dir='ltr'><strong><em>¹laptr&#39;nao</em></strong></span> <span class='ocrx_word' id='word_1_373' title='bbox 339 3873 438 3951; x_wconf 80' lang='lat' dir='ltr'><strong><em>saetae</em></strong></span> <span class='ocrx_word' id='word_1_374' title='bbox 451 3871 551 3931; x_wconf 77' lang='lat' dir='ltr'><strong><em>leonio</em></strong></span> <span class='ocrx_word' id='word_1_375' title='bbox 562 3891 656 3932; x_wconf 87' lang='lat' dir='ltr'><strong><em>nornen</em></strong></span> <span class='ocrx_word' id='word_1_376' title='bbox 665 3875 807 3953; x_wconf 82' lang='lat' dir='ltr'><strong><em>inparuit,</em></strong></span> <span class='ocrx_word' id='word_1_377' title='bbox 830 3878 855 3932; x_wconf 91' lang='lat' dir='ltr'><strong><em>et</em></strong></span> <span class='ocrx_word' id='word_1_378' title='bbox 868 3871 1087 3952; x_wconf 75' lang='lat' dir='ltr'><strong><em>ippeeolerionern</em></strong></span> <span class='ocrx_word' id='word_1_379' title='bbox 1102 3870 1266 3951; x_wconf 73' lang='lat' dir='ltr'><strong><em>(inennin-</em></strong></span> <span class='ocrx_word' id='word_1_380' title='bbox 1295 3879 1303 3892; x_wconf 54' lang='lat'>⁸</span> 
     </span>
     <span class='ocr_line' id='line_1_42' title="bbox 159 3956 1266 4036; baseline -0.002 -18"><span class='ocrx_word' id='word_1_381' title='bbox 159 3956 258 4033; x_wconf 75' lang='lat' dir='ltr'><strong><em>alono)</em></strong></span> <span class='ocrx_word' id='word_1_382' title='bbox 279 3976 338 4016; x_wconf 84' lang='lat' dir='ltr'><strong><em>eom</em></strong></span> <span class='ocrx_word' id='word_1_383' title='bbox 348 3957 435 4034; x_wconf 79' lang='lat' dir='ltr'><strong><em>feeit,</em></strong></span> <span class='ocrx_word' id='word_1_384' title='bbox 469 3977 543 4035; x_wconf 75' lang='lat' dir='ltr'><strong><em>gaen</em></strong></span> <span class='ocrx_word' id='word_1_385' title='bbox 562 3958 681 4017; x_wconf 83' lang='lat' dir='ltr'><strong><em>Ronooni</em></strong></span> <span class='ocrx_word' id='word_1_386' title='bbox 704 3963 850 4035; x_wconf 81' lang='lat' dir='ltr'><strong><em>patricium</em></strong></span> <span class='ocrx_word' id='word_1_387' title='bbox 876 3957 1093 4019; x_wconf 73' lang='lat' dir='ltr'><strong><em>uenerationem</em></strong></span> <span class='ocrx_word' id='word_1_388' title='bbox 1117 3957 1266 4036; x_wconf 86' lang='lat' dir='ltr'><strong><em>appellant.</em></strong></span> 
     </span>
     <span class='ocr_line' id='line_1_43' title="bbox 158 4037 1264 4120; baseline -0.002 -20"><span class='ocrx_word' id='word_1_389' title='bbox 158 4037 252 4100; x_wconf 76' lang='lat' dir='ltr'><strong><em>exstat</em></strong></span> <span class='ocrx_word' id='word_1_390' title='bbox 265 4043 334 4102; x_wconf 80' lang='lat' dir='ltr'><strong><em>haee</em></strong></span> <span class='ocrx_word' id='word_1_391' title='bbox 347 4043 503 4120; x_wconf 80' lang='lat' dir='ltr'><strong><em>disputatio</em></strong></span> <span class='ocrx_word' id='word_1_392' title='bbox 516 4049 537 4102; x_wconf 89' lang='lat' dir='ltr'><strong><em>t.</em></strong></span> <span class='ocrx_word' id='word_1_393' title='bbox 558 4041 579 4104; x_wconf 82' lang='grc'><strong>4</strong></span> <span class='ocrx_word' id='word_1_394' title='bbox 593 4042 727 4102; x_wconf 88' lang='lat' dir='ltr'><strong><em>Biblioth.</em></strong></span> <span class='ocrx_word' id='word_1_395' title='bbox 750 4042 883 4120; x_wconf 80' lang='lat' dir='ltr'><strong><em>Petrum,</em></strong></span> <span class='ocrx_word' id='word_1_396' title='bbox 906 4042 983 4102; x_wconf 81' lang='lat' dir='ltr'><strong><em>cuius</em></strong></span> <span class='ocrx_word' id='word_1_397' title='bbox 1005 4042 1149 4101; x_wconf 86' lang='lat' dir='ltr'><strong><em>occasione</em></strong></span> <span class='ocrx_word' id='word_1_398' title='bbox 1166 4041 1264 4099; x_wconf 81' lang='lat' dir='ltr'><strong><em>Meur-</em></strong></span> 
     </span>
     <span class='ocr_line' id='line_1_44' title="bbox 157 4125 1264 4209; baseline 0.001 -25"><span class='ocrx_word' id='word_1_399' title='bbox 157 4127 217 4184; x_wconf 83' lang='lat' dir='ltr'><strong><em>sius</em></strong></span> <span class='ocrx_word' id='word_1_400' title='bbox 238 4128 315 4186; x_wconf 85' lang='lat' dir='ltr'><strong><em>varia</em></strong></span> <span class='ocrx_word' id='word_1_401' title='bbox 335 4127 550 4207; x_wconf 86' lang='lat' dir='ltr'><strong><em>philosophatur</em></strong></span> <span class='ocrx_word' id='word_1_402' title='bbox 571 4127 601 4186; x_wconf 91' lang='lat' dir='ltr'><strong><em>in</em></strong></span> <span class='ocrx_word' id='word_1_403' title='bbox 621 4148 673 4187; x_wconf 85' lang='lat' dir='ltr'><strong><em>suo</em></strong></span> <span class='ocrx_word' id='word_1_404' title='bbox 693 4125 796 4191; x_wconf 85' lang='lat' dir='ltr'><strong><em>Lexico</em></strong></span> <span class='ocrx_word' id='word_1_405' title='bbox 815 4149 842 4188; x_wconf 90' lang='lat' dir='ltr'><strong><em>v.</em></strong></span> <span class='ocrx_word' id='word_1_406' title='bbox 865 4127 1037 4209; x_wconf 78' lang='grc' dir='ltr'><strong><em>Πατρίκιος.</em></strong></span> <span class='ocrx_word' id='word_1_407' title='bbox 1066 4127 1184 4186; x_wconf 81' lang='lat' dir='ltr'><strong><em>observa</em></strong></span> <span class='ocrx_word' id='word_1_408' title='bbox 1204 4144 1264 4185; x_wconf 88' lang='lat' dir='ltr'><strong><em>nou</em></strong></span> 
     </span>
     <span class='ocr_line' id='line_1_45' title="bbox 157 4210 1264 4291; baseline 0 -22"><span class='ocrx_word' id='word_1_409' title='bbox 157 4229 270 4270; x_wconf 89' lang='lat' dir='ltr'><strong><em>omnem</em></strong></span> <span class='ocrx_word' id='word_1_410' title='bbox 286 4214 432 4289; x_wconf 86' lang='lat' dir='ltr'><strong><em>patricium</em></strong></span> <span class='ocrx_word' id='word_1_411' title='bbox 450 4215 537 4273; x_wconf 82' lang='lat' dir='ltr'><strong><em>fuisse</em></strong></span> <span class='ocrx_word' id='word_1_412' title='bbox 554 4213 749 4290; x_wconf 74' lang='lat' dir='ltr'><strong><em>cauielionme,</em></strong></span> <span class='ocrx_word' id='word_1_413' title='bbox 777 4215 849 4274; x_wconf 88' lang='lat' dir='ltr'><strong><em>sicut</em></strong></span> <span class='ocrx_word' id='word_1_414' title='bbox 877 4213 947 4272; x_wconf 86' lang='lat' dir='ltr'><strong><em>haec</em></strong></span> <span class='ocrx_word' id='word_1_415' title='bbox 963 4211 1118 4291; x_wconf 86' lang='lat' dir='ltr'><strong><em>disputatio</em></strong></span> <span class='ocrx_word' id='word_1_416' title='bbox 1134 4210 1264 4288; x_wconf 86' lang='lat' dir='ltr'><strong><em>Gregen-</em></strong></span> 
     </span>
     <span class='ocr_line' id='line_1_46' title="bbox 156 4293 1261 4382; baseline -0.002 -24"><span class='ocrx_word' id='word_1_417' title='bbox 156 4298 189 4358; x_wconf 87' lang='lat' dir='ltr'><strong><em>tii</em></strong></span> <span class='ocrx_word' id='word_1_418' title='bbox 202 4296 342 4359; x_wconf 84' lang='lat' dir='ltr'><strong><em>affirmare</em></strong></span> <span class='ocrx_word' id='word_1_419' title='bbox 354 4298 482 4380; x_wconf 83' lang='lat' dir='ltr'><strong><em>videtur,</em></strong></span> <span class='ocrx_word' id='word_1_420' title='bbox 503 4299 571 4380; x_wconf 86' lang='lat' dir='ltr'><strong><em>quia</em></strong></span> <span class='ocrx_word' id='word_1_421' title='bbox 580 4318 652 4362; x_wconf 85' lang='lat' dir='ltr'><strong><em>uuus</em></strong></span> <span class='ocrx_word' id='word_1_422' title='bbox 666 4298 790 4362; x_wconf 68' lang='lat' dir='ltr'><strong><em>enideo</em></strong></span> <span class='ocrx_word' id='word_1_423' title='bbox 807 4299 966 4382; x_wconf 65' lang='lat' dir='ltr'><strong><em>praefectae</em></strong></span> <span class='ocrx_word' id='word_1_424' title='bbox 978 4304 1055 4376; x_wconf 83' lang='lat' dir='ltr'><strong><em>erat,</em></strong></span> <span class='ocrx_word' id='word_1_425' title='bbox 1075 4293 1156 4356; x_wconf 72' lang='lat' dir='ltr'><strong><em>muti</em></strong></span> <span class='ocrx_word' id='word_1_426' title='bbox 1165 4301 1261 4361; x_wconf 82' lang='lat' dir='ltr'><strong><em>autern</em></strong></span> 
     </span>
    </p>
   </div>
   <div class='ocr_carea' id='block_1_6' title="bbox 0 0 1542 4867">
    <p class='ocr_par' dir='ltr' id='par_1_6' title="bbox 0 0 1542 4867">
     <span class='ocr_line' id='line_1_47' title="bbox 0 0 1542 4867; baseline 0 7"><span class='ocrx_word' id='word_1_427' title='bbox 0 0 1542 4867; x_wconf 95' lang='lat' dir='ltr'><strong><em> </em></strong></span> 
     </span>
    </p>
   </div>
  </div>
 </body>
</html>
