3075 4867
430 271 971 413 manumittantur.
1177 310 1251 381 aaa

128 470 243 525 -areasis
259 468 382 553 cuiusque
398 466 531 540 principio.
547 467 591 521 illu
608 466 702 521 Christi
725 468 840 531 nomine,
866 468 930 522 haec
945 466 1067 539 deiparae
1082 470 1251 526 benedicitur.

145 542 192 595 illa
211 540 402 612 poenitentibus
418 538 564 610 prohibita,
582 536 773 591 comedentibus
796 537 838 590 val
855 537 1029 594 abominandis
1046 540 1188 609 quibusque
1203 560 1249 596 cx-

166 610 248 663 iandis
264 626 312 661 uec
329 625 379 660 non
397 606 562 661 daemonibus
579 605 707 659 terrendis
724 612 890 673 consecratu
909 607 974 662 haec
999 607 1108 676 privatis
1124 610 1181 662 eliis
1196 612 1252 663 usi-

146 628 195 731 hus
220 678 445 746 communibusque
467 676 544 728 rebus
569 674 761 729 sanctificandis
784 676 877 729 dicata
906 676 1041 749 utriusque
1063 676 1252 733 benedicebdae

145 748 224 801 ritum
241 753 268 801 et
284 746 398 800 olficium
415 744 520 798 exhibet
535 745 694 797 Graecorum
712 744 908 814 Eucholugium.

230 836 267 895 ib.
288 852 315 895 v.
340 836 389 899 16.
410 852 463 912 pro
481 836 573 911 quinto
588 830 708 890 Ianuarii
727 831 878 910 legendum
898 838 943 893 est
958 839 1046 894 serto:
1064 853 1099 893 eo
1114 835 1188 895 enim
1206 837 1252 895 die

146 918 234 977 tiebat
258 922 312 978 iste
335 912 489 1000 ἄγιοομός.
532 934 585 975 uec
607 916 689 976 huius
711 919 913 977 emendationis
936 918 1021 979 alium
1047 920 1085 980 do
1109 927 1252 981 auctorem

147 1011 261 1082 praeter
276 1006 369 1082 ipsum
380 1003 538 1079 Codinum,
559 1001 607 1078 qui
626 1020 649 1061 c.
670 1006 706 1080 8,
727 1002 776 1061 ubi
790 1005 826 1062 de
839 1006 913 1065 festo
928 1005 1095 1083 epiptmniae
1108 1006 1183 1083 agit,
1199 1007 1252 1067 ha-

144 1090 284 1163 giasmum
302 1090 388 1149 istum
409 1088 472 1166 ipso
493 1088 539 1144 die
559 1086 633 1144 sesto
652 1086 818 1166 epiphaniae
839 1090 937 1169 peragi
954 1091 1060 1150 diserte
1080 1091 1192 1164 scribit;
1218 1097 1252 1151 ut

145 1178 257 1233 taceam
270 1174 356 1253 librps
371 1171 485 1232 rituales
501 1169 681 1231 Graecorum.

130 1318 134 1323 .
214 1272 281 1326 ibid.
313 1263 344 1324 ἐν
366 1270 402 1341 τῇ
425 1266 501 1340 ἕκτῃ]
521 1266 623 1321 codices
648 1266 692 1321 elli
712 1260 744 1323 ἐν
764 1269 802 1352 τῇ
824 1266 945 1340 πέμπτῃ.
962 1287 1010 1324 uec
1026 1269 1053 1323 hi
1069 1271 1110 1323 rel
1127 1270 1164 1325 illi
1174 1272 1251 1326 aber-

144 1346 218 1393 rautr
237 1340 269 1392 fit
285 1339 351 1393 euim
367 1356 432 1407 aqua
450 1337 586 1391 benedicte
602 1345 655 1389 tum
672 1336 799 1409 pervigilii
826 1339 1035 1409 theophaniorum
1060 1357 1183 1409 vespere,
1208 1341 1252 1397 Ia·

145 1408 229 1463 uuarii
252 1407 293 1461 die
310 1407 347 1473 ¹5,
362 1413 417 1462 tum
439 1407 467 1463 iu
489 1405 699 1477 theophaniorum
724 1408 817 1471 missa,
840 1406 883 1462 die
905 1406 935 1473 6;
958 1408 1067 1493 dequo
1088 1408 1252 1468 οἰττοτοίοιοο
1355 1409 1357 1416 ’

145 1477 174 1531 ἰο
188 1475 381 1545 Eucholagieis.
484 1530 485 1533 ,
818 1526 820 1532 ,

213 1563 249 1615 ih.
267 1562 350 1619 v.19.
367 1554 387 1627 ἦ
405 1554 566 1613 dactoudle
580 1557 633 1611 coci
650 1552 790 1627 ἆγιοομοῦ
802 1559 933 1634 prolixior
955 1568 996 1615 est
1018 1577 1094 1630 quam
1118 1575 1185 1630 quae
1208 1563 1251 1616 hie

145 1634 286 1683 attexatur.
304 1636 363 1699 post
373 1640 472 1698 preces
488 1630 538 1684 huc
554 1632 630 1713 pactu
647 1629 823 1682 sanctificatur
839 1648 873 1683 cx
890 1630 1061 1699 Euchologio.
1092 1625 1186 1700 λοβῶν
1202 1628 1253 1686 cdo

145 1696 237 1818 '2³⁰²’
254 1688 375 1761 aravatio
392 1692 408 1752 ὁ
428 1690 516 1764 tapetia
532 1690 685 1763 eutopes'roi
697 1690 793 1751 idaea
806 1690 962 1767 ὄττοίτοο,
978 1696 1108 1767 κατάγων
1119 1697 1169 1752 καὶ
1181 1697 1252 1755 οἶνοί-

145 1784 162 1833 p
220 1762 439 1887 αὗὶτόνηὸοεθιλοοΞ
457 1758 721 1887 elppffciqsqcifiarapap:
738 1761 828 1898 {pqrric
837 1762 1143 1890 pdvctqpropppuupcip,
1156 1765 1251 1853 q‹daroni-

145 1853 367 2026 iiizqiaaniid
380 1852 526 1973 οἶιῗᾶμοο.
549 1901 583 1955 aa
598 1852 1253 1978 hieiouhuhffflhsair'fgeniihdii

146 1988 210 2026 rann
244 2014 252 2029 .

231 2063 268 2121 ib.
282 2080 308 2121 r.
322 2065 371 2125 23.
388 2060 536 2140 οἰνοχεῖον
550 2058 688 2129 hicaliter
701 2060 892 2138 accipiendum
905 2067 977 2141 puto
991 2079 1076 2138 quam
1092 2080 1179 2141 supra
1193 2084 1216 2123 a
1234 2067 1257 2128 7

148 2163 176 2222 p.
188 2144 229 2207 68
240 2167 268 2207 v.
284 2150 314 2221 8,
327 2146 375 2203 ubi
390 2148 426 2203 de
438 2145 560 2223 panagia
573 2162 664 2203 sermo
675 2151 742 2203 erat.
761 2144 857 2204 Iunius
870 2148 951 2206 nimis
964 2147 1100 2205 fabriliter
1111 2148 1254 2228 interpre-

147 2234 224 2288 tatur
244 2236 352 2305 σκεῦος
368 2236 564 2290 instrumentum
582 2224 789 2291 circadam
807 2233 931 2309 poculum
946 2237 976 2290 et
987 2232 1158 2291 oeuocheum
1171 2238 1258 2294 οτόο-4

147 2317 215 2373 riam
224 2316 356 2395 capcdan.
375 2334 461 2392 quam
471 2319 620 2373 venustum
629 2334 695 2373 vero
709 2313 801 2373 illudi
815 2320 1028 2397 comparticipat
1037 2321 1178 2395 imperator
1191 2340 1253 2379 cca-

148 2407 316 2461 sccratr'oocm
329 2420 363 2459 aa
374 2402 479 2479 poculo.
520 2400 640 2457 libenter
661 2404 756 2458 tumen
776 2400 876 2459 scirem
892 2420 949 2477 quo
968 2402 1062 2462 animo
1080 2402 1150 2461 haec
1170 2405 1207 2461 de
1227 2420 1253 2461 s.

147 2502 228 2543 cruce
246 2492 278 2544 et
293 2484 346 2543 alia
359 2484 478 2562 plurima
496 2486 526 2543 in
546 2484 600 2542 hoe
619 2482 691 2542 libro
714 2484 830 2561 legisset
848 2486 893 2545 vel
912 2486 1171 2567 remetiuntur,
1190 2494 1252 2548 tum

149 2569 220 2628 adeo
234 2590 252 2630 a
267 2570 437 2629 Calvinianis
448 2570 585 2629 institutis
599 2568 792 2630 abhorreant?

161 2732 197 2787 h
215 2668 282 2725 ibid.
317 2662 467 2736 οἰοοχεῖοο]
491 2665 546 2720 eius
568 2681 714 2734 germanam
738 2665 934 2735 significantiam
957 2665 1038 2722 habes
1061 2667 1179 2740 superius
1202 2685 1253 2740 po-

148 2748 170 2785 su
197 2752 230 2791 m.

215 2837 242 2892 p.
255 2823 291 2878 79
306 2820 387 2875 v.13·
404 2813 519 2871 πάντων
536 2805 624 2877 adure
640 2807 770 2888 βοώντων
787 2814 819 2872 cd
833 2810 1032 2889 πολυχρόνιον]
1044 2820 1089 2874 rix
1099 2822 1252 2875 beneficium

149 2890 265 2943 conseras
283 2889 393 2949 Graecis
410 2888 473 2957 quiu
488 2885 535 2941 tibi
557 2888 691 2939 confestim
718 2904 751 2937 ex
772 2889 856 2940 animo
877 2888 1018 2957 rependent
1039 2890 1252 2945 benedictionem.

149 2956 207 3009 hinc
223 2960 335 3012 usitatae
349 2974 427 3010 voces
444 2956 518 3010 illae:
535 2952 582 3006 aet
601 2955 652 3007 τοῦ
667 2950 785 3023 χρόνον,
803 2958 884 3009 etiam
895 2975 964 3010 anno
975 2961 1091 3026 sequenti
1101 2960 1171 3011 idern
1184 2961 1252 3013 milti

149 3024 298 3094 heneficium
315 3031 440 3094 conseras.
458 3020 474 3077 d
493 3018 561 3085 dade
576 3018 613 3074 mi
626 3026 676 3076 σοῦ
694 3018 726 3076 τὸ
741 3023 882 3094 πληρώσῃ,
899 3027 968 3079 idam
984 3028 1034 3081 tibi
1043 3030 1169 3096 rependat
1180 3031 1258 3097 uene

150 3088 166 3145 ὁ
191 3091 262 3156 θεὸς
285 3095 336 3147 coci
356 3091 535 3215 coppuop'oq,
557 3093 587 3144 in
611 3094 751 3145 mercedem
775 3095 893 3169 remittat
915 3096 964 3148 tibi
987 3097 1050 3149 deur
1066 3104 1114 3149 tua
1130 3105 1249 3164 peccata

148 3161 321 3299 cop'uqm'qov
337 3160 385 3214 sal
402 3163 453 3215 τοῦ
485 3164 551 3215 ttou
561 3157 674 3230 χρόνον,
683 3170 742 3231 post
754 3164 868 3232 primum
881 3170 908 3217 ct
920 3166 1059 3222 amodum
1070 3181 1168 3218 maun
1180 3166 1251 3218 ideas
1273 3216 1281 3224 ,

148 3232 185 3283 mi
208 3232 277 3285 'con
291 3247 349 3285 crus
365 3235 415 3285 ste.

485 3736 918 3849 curura

220 3954 256 4011 ib.
273 3972 300 4011 v.
320 3955 363 4011 20.
393 3950 505 4007 Primum
524 3953 684 4025 Septembris
706 3954 774 4011 dlem
794 3952 885 4009 merito
907 3953 1042 4022 recantet,
1064 3970 1082 4009 a
1104 3953 1252 4027 Septembri

156 4017 276 4090 siquiden
300 4038 392 4078 aunum
417 4024 564 4093 auspicatur
593 4025 732 4079 orientalis
755 4024 875 4079 ecclesia.
913 4022 1058 4091 Gregorius
1085 4031 1252 4109 oogpcmeuto

156 4086 259 4158 Figulus
277 4092 486 4177 Tauromitauus·
502 4093 709 4177 archiepiscopus
732 4093 880 4148 indictionis
904 4092 973 4177 sive·
984 4092 1044 4145 anni
1062 4093 1201 4211 pfichpb,
1224 4092 1252 4175 id

157 4166 198 4209 est
211 4160 325 4222 kalendas
343 4162 515 4232 Septembris,
538 4170 677 4217 orationem
695 4160 774 4215 babet
789 4180 840 4231 qua
853 4168 973 4215 rmroratr
989 4168 1120 4231 praesenti
1151 4177 1254 4214 renunt

155 4226 275 4315 uptionepu
288 4230 401 4357 profert:
416 4226 565 4299 Ῥωμαίοις
580 4228 668 4285 auitas
676 4226 728 4299 pis
745 4228 760 4285 ὁ
777 4226 950 4301 Ἰαοοοοὶριος
965 4218 1002 4297 ἦν
1018 4231 1070 4282 τοῦ
1080 4224 1252 4298 ἔτοοςοῖοχή,

156 4290 205 4363 αφ’
222 4300 291 4353 eod
316 4294 341 4353 -d
358 4294 514 4368 Αὔγουστος
529 4303 640 4370 Καῖσαρ
665 4294 716 4355 adr
739 4294 884 4355 'cadram
905 4293 1083 4367 transeam
1106 4292 1181 4352 sacci
1201 4295 1254 4353 cdv

198 4374 290 4434 Godio.
310 4378 459 4448 conpara
481 4380 515 4435 de
536 4380 613 4454 offic.
1005 4371 1048 4432 22
