3075 4867
519 303 566 372 ΙΝ
593 303 741 372 contra
771 305 859 374 GAP.
888 303 916 372 1.
1210 306 1283 378 15⁵

177 491 237 548 res,
270 470 313 530 ita
345 477 376 531 et
407 467 611 550 chartophylax
650 469 762 532 videtur
792 469 926 533 habnhoe
960 466 1145 549 primicerium
1176 469 1287 533 utus

175 575 287 619 norun

245 671 273 726 p.
290 655 307 706 6
326 669 353 706 r.
371 653 399 706 8.
424 651 508 721 Regia
523 651 639 724 superius
656 649 786 721 producta
801 650 871 704 inter
885 649 971 704 officia
984 655 1121 704 mmoeeot
1138 650 1288 725 ποιμμκή-

180 740 250 845 propl
261 722 317 843 rotie
333 721 544 791 πατοιαρχικῶν
559 721 707 792 saraptae.
742 719 860 776 notariae
870 736 935 774 vero
947 721 1135 793 sttabulerina
1152 739 1230 778 renea
1242 732 1288 780 ad-

182 809 232 846 liiss
251 809 284 844 un
299 829 307 844 ι

261 875 352 936 Porro
372 876 408 936 de
426 894 496 936 voce
517 877 681 958 primicerii,
702 876 898 954 secundicerii,
924 875 1092 954 tertiocerii‚
1121 880 1289 960 quartocerii

178 963 242 1022 vide
259 962 403 1028 Coiacium
422 963 461 1020 ad
477 962 522 1022 tit.
543 965 564 1021 7
584 962 632 1022 lib.
654 967 695 1028 12
717 964 780 1023 cod.
801 961 982 1039 Iustinianei,
1003 967 1034 1020 et
1060 964 1238 1043 Onuphrium
1257 966 1289 1024 in

179 1047 306 1127 explicat.
327 1067 428 1106 vocum
444 1047 624 1108 obscurarum
641 1048 908 1125 aeclesiasticorum,
928 1051 959 1105 et
982 1045 1098 1108 Petam
1116 1049 1288 1128 Gregoriuor

180 1135 327 1210 Syntagrn.
344 1133 383 1198 15
397 1139 455 1211 22,
477 1133 525 1210 qui
539 1133 580 1192 ait
596 1134 855 1212 pronuntiationem
877 1132 997 1192 nominis
1006 1137 1157 1212 primicerii
1174 1135 1286 1212 exigere

180 1219 364 1282 adiectionem
376 1236 411 1276 ex
428 1218 564 1278 relatione
575 1219 709 1297 alicxdus,
729 1219 774 1279 vel
792 1225 869 1279 certe
881 1217 1025 1298 postulare
1050 1224 1084 1277 ut
1095 1220 1289 1298 sub‘mteliiga·

179 1309 234 1363 tur.
257 1303 372 1380 quodsi
386 1320 484 1364 verum
501 1309 556 1381 est,
566 1309 629 1366 tum
640 1323 755 1364 neeesse
766 1306 822 1364 erit
832 1304 943 1387 uticum
956 1304 1030 1361 inter
1043 1303 1182 1383 palatim
1195 1307 1289 1383 digni-
1414 1378 1419 1388 ι

181 1395 254 1450 tates
283 1385 302 1453 ό
327 1386 418 1468 palpas
441 1384 657 1472 ποιμμικήριος
680 1389 858 1468 nominatur,
886 1389 1009 1466 dignitas
1032 1388 1127 1465 aliqua
1148 1390 1287 1449 subintel-

179 1473 301 1552 ligatur,
322 1473 389 1548 quio
403 1475 573 1550 primicerius
585 1493 689 1534 nomen
701 1475 756 1534 hoc
769 1475 862 1535 habet
874 1479 1006 1552 respectu
1029 1474 1144 1534 alicuim
1166 1476 1288 1534 functio·

181 1561 292 1618 nissen
309 1559 462 1618 ministerii
485 1559 551 1618 hinc
562 1562 732 1638 panaenus
748 1561 890 1635 lectorem,
907 1564 1076 1640 primorum
1088 1561 1178 1636 aulae,
1190 1563 1287 1637 priui-

180 1648 268 1704 cerius
283 1650 476 1732 protectorum,
501 1647 668 1724 primicerius
691 1645 897 1704 domatumiaa
931 1649 1025 1704 exstat
1044 1646 1074 1704 in
1094 1643 1289 1724 Deeretalibos

180 1729 281 1788 titulus
297 1729 512 1807 deprimerem,
532 1728 581 1788 ubi
601 1729 670 1788 nihil
688 1731 831 1804 adiicitur3
851 1748 946 1805 neque
966 1730 1051 1789 etiam
1072 1731 1142 1788 satis
1165 1735 1286 1808 apparet

184 1813 253 1889 qnid
268 1818 319 1870 aut
331 1813 517 1872 adiiciendum
528 1820 580 1874 aut
591 1815 816 1874 subaudiendum
834 1816 889 1892 sit,
910 1814 964 1895 nisi
979 1815 1043 1890 pris
1061 1816 1138 1873 dieat
1153 1814 1291 1874 subintel=

183 1899 233 1977 ligi
245 1914 343 1956 vocem
359 1905 504 1958 cortuum.
526 1901 563 1958 de
584 1919 641 1976 quo
657 1902 723 1958 vide
740 1899 857 1958 Petram
874 1899 1043 1978 Gregorium
1061 1898 1081 1960 i.
1098 1920 1123 1960 c.
1145 1900 1211 1958 lxinc
1228 1903 1290 1980 pri·

186 1986 340 2044 armamus
354 1983 478 2061 dignitas
491 1989 521 2042 et
534 1985 824 2064 officiumprimicerii.

269 2069 356 2138 Quod
371 2071 409 2128 ad
425 2071 519 2146 ipsium
540 2069 706 2130 vocabulum
724 2071 845 2147 attinet,
865 2087 923 2127 non
936 2068 1156 2147 improbabiliter
1171 2069 1290 2129 arbitra-

185 2159 233 2213 tur
251 2155 383 2214 Caiacius
398 2153 469 2213 illud
488 2159 574 2214 cariae
590 2175 653 2214 esse
672 2161 785 2215 tautum
805 2154 1018 2234 productionem
1042 2157 1136 2233 verbi,
1156 2156 1217 2214 sine
1232 2154 1292 2213 ulla

185 2257 277 2299 novae
294 2239 503 2316 significationis
524 2241 685 2313 additione3
704 2245 738 2299 nt
759 2241 878 2319 proinde
894 2242 1061 2317 prr‘eue‘aeriue
1086 2241 1162 2299 idem
1180 2239 1220 2297 sit
1242 2240 1293 2314 qni

186 2325 309 2403 primus,
328 2326 522 2385 secundicerius
540 2326 616 2384 idem
634 2326 682 2401 qui
701 2326 858 2402 secundus,
879 2325 953 2382 sicut
975 2329 1006 2383 et
1026 2327 1104 2404 apud
1122 2324 1294 2386 recentiores

185 2409 311 2468 Graecos
324 2404 527 2482 aardiaoulog
537 2412 614 2470 idem
622 2416 667 2469 est
680 2411 758 2486 quod
769 2416 850 2487 arie,
867 2402 1103 2491 Φοογκόπουλος
1119 2411 1195 2468 idem
1208 2410 1288 2484 quod

187 2493 326 2565 Francuer
345 2497 387 2553 ita
406 2495 526 2554 utillud
547 2502 661 2570 πουλος
677 2498 716 2555 sit
735 2514 880 2575 paragoge
896 2495 1005 2571 absque
1029 2496 1089 2554 ulla
1106 2515 1180 2553 nora
1201 2495 1293 2570 signi-
1396 2490 1403 2498 ⁶

185 2580 322 2638 ficatione.
338 2581 385 2638 alii
399 2587 493 2639 tamen
511 2601 613 2642 nomen
624 2582 712 2640 hoca
731 2584 820 2662 prtem
839 2586 870 2639 et
887 2600 949 2639 cera
968 2581 1124 2639 deriramm
1149 2579 1291 2658 composi-

186 2671 305 2742 tumque
314 2666 428 2744 volunt,
450 2667 552 2742 quibus
569 2667 618 2742 qui
630 2666 723 2744 volet,
743 2685 795 2744 per
804 2684 851 2723 me
865 2665 1023 2730 subscribat
1034 2666 1109 2730 lieet.

275 2771 304 2829 p,
316 2753 344 2813 6.
355 2771 382 2810 v.
397 2755 425 2816 8.
465 2751 589 2810 Ultimus
605 2753 634 2808 in
654 2751 719 2836 hoc⁸
730 2749 857 2826 quinario
878 2755 924 2806 est
939 2745 959 2810 ὁ
975 2745 1076 2827 ἄρχων
1099 2752 1163 2811 raia
1182 2755 1302 2810 uoura-'

187 2835 282 2910 alar,
299 2835 452 2915 praefectur
468 2839 598 2908 canticis,
622 2834 663 2892 ait
682 2833 788 2892 Iunius.
815 2833 874 2892 imo
897 2837 1043 2893 maaria.-
1067 2853 1133 2893 nam
1154 2835 1293 2904 canticum

188 2919 318 2998 generale
330 2937 434 2980 nomen
443 2927 492 2980 est
509 2920 547 2980 ad
567 2920 661 2979 omnia
679 2937 752 2995 quae
768 2918 832 2977 cani
852 2923 903 2977 aut
916 2919 1010 2978 solent
1031 2924 1083 2978 aut
1102 2925 1240 2997 possunt,
1259 2924 1292 2979 at

189 3006 346 3063 contorium
361 3011 468 3064 certum
486 3007 629 3088 quoddam
644 3023 734 3083 genus
748 3009 794 3062 est
809 3003 840 3062 in
857 3002 1028 3064 Graecorum
1041 3005 1186 3064 ritualibus
1203 3005 1292 3082 libris,

188 3091 262 3148 sicut
278 3095 309 3148 et
324 3093 469 3170 troparium
490 3084 585 3173 elpis,
606 3111 704 3165 canoa,
725 3084 881 3169 κᾶθισμα,
902 3083 1103 3170 προσόμοιον,
1124 3084 1291 3171 τριαδικόν,

188 3169 368 3250 doetrinae,
389 3169 611 3257 στουροὲσιμον,
631 3169 854 3254 oluoretrolaepau²
880 3181 912 3233 et
931 3178 1009 3253 apud
1027 3192 1204 3249 noscamur,
1231 3193 1292 3234 aar·

189 3261 285 3335 siculi,
313 3260 461 3336 geadode,
496 3267 616 3335 tractus,
642 3264 794 3340 aequatio,
823 3264 985 3336 responsoriis
1014 3265 1046 3318 et
1073 3261 1156 3317 huius
1180 3259 1292 3335 generis

190 3345 260 3423 alia,
275 3364 348 3421 quae
362 3345 452 3404 aliena
465 3345 562 3426 linfflxo
582 3351 633 3408 aut
659 3365 776 3425 prorsus
800 3345 915 3422 exprimi
938 3349 989 3403 aot
1006 3347 1152 3402 commode
1174 3345 1291 3421 exprimi

190 3450 248 3489 non
272 3437 402 3508 possunt
428 3429 514 3492 miror
534 3438 629 3492 autem
650 3432 719 3508 quid
737 3430 939 3489 correctoribus
956 3429 1095 3488 Boneiidii
1118 3431 1148 3487 in
1170 3434 1293 3488 mentem

190 3517 313 3594 venerit,
334 3523 465 3592 atquem
477 3517 524 3576 ille
535 3521 649 3576 vocaret
662 3515 825 3597 praesidum
840 3519 1016 3586 amtadaum
1022 3559 1034 3588 ‚
1049 3515 1114 3593 ipsi¹
1125 3516 1306 3592 interpreta-'

190 3609 289 3661 rentur
299 3602 466 3679 praesectum
477 3603 665 3686 pugillarium.
692 3620 747 3678 ego
765 3600 834 3674 qnid
847 3599 901 3657 sibi
910 3600 1060 3678 pugillares
1075 3619 1126 3657 seu
1143 3600 1295 3678 pugillaria
1336 3652 1339 3658 ,

190 3688 261 3753 haec
274 3685 379 3764 velint,
406 3705 513 3754 mecum
534 3692 669 3764 exputare
690 3704 809 3762 nequeo.
836 3690 882 3743 est
906 3691 1000 3743 aute·
1019 3685 1174 3764 praefectur
1199 3691 1295 3743 couta-

191 3777 293 3832 cr'orum
311 3771 357 3829 ille
377 3772 422 3832 cui
443 3792 511 3834 cura
531 3771 680 3858 inthandi
698 3771 826 3838 contacia
845 3772 1000 3834 commissa.
1029 3771 1082 3829 sed
1100 3770 1137 3830 de
1162 3770 1296 3832 corariis

192 3857 275 3936 plura
289 3856 376 3914 habea
392 3876 479 3935 supra
493 3878 517 3917 c.
533 3863 563 3922 7·
586 3855 588 3858 ’

260 3949 411 4010 manduce
421 3954 465 4006 hic
478 3954 540 4023 (elia
550 3969 660 4031 nanque
670 3956 808 4024 praeterea
819 3954 914 4020 refert)
926 3955 1045 4006 modulus
1056 3955 1097 4003 est
1106 3951 1221 4019 brevior,
1237 3946 1294 4004 aiud

192 4025 245 4078 τοῦ
266 4024 369 4078 κοντοῦ
390 4041 408 4075 a
428 4027 557 4079 breuitate
579 4039 670 4076 nornen
688 4023 807 4091 eortitns3
829 4023 987 4091 meximeque
1004 4027 1167 4082 sanatorum,
1189 4035 1297 4088 quoram

193 4109 245 4146 aaa
275 4099 315 4146 est
339 4091 471 4150 officinm.
497 4093 624 4146 memoriis
640 4091 743 4146 brevius
761 4092 886 4145 iaciendis
912 4091 1042 4143 deservite
1070 4087 1297 4142 breviculumelibi
1379 4139 1384 4148 ,

194 4162 297 4215 vocari.
331 4163 375 4230 qui
394 4178 428 4213 uo
450 4162 491 4217 hie
507 4162 639 4218 cantandis
656 4159 808 4242 praeficitur
827 4167 856 4215 et
873 4160 999 4225 intendit,
1023 4167 1064 4215 ese
1087 4155 1186 4216 auctori
1203 4149 1298 4230 rippas

1305 2802 1351 2845 ,s

193 4232 250 4286 coir
267 4248 355 4286 narra
385 4247 433 4285 ue.

630 4357 835 4372 *no—¹0·-
