3075 4867
499 319 547 386 IN
572 319 721 389 CODINI
749 321 834 390 GAP,
860 321 971 394 XVII.
1208 327 1280 400 351

236 572 243 588 ⁹
266 485 310 631 pub.
329 505 355 547 v.
374 488 404 546 7.
424 480 460 550 εδ
471 480 626 566 φοσσάτον
639 504 698 548 non
719 503 773 566 pru
786 489 904 573 castris,
921 488 976 548 sed
996 508 1050 571 pro
1067 490 1137 570 ipsis
1156 492 1285 555 militibus

186 591 274 654 accipi
307 591 329 631 r.

254 695 293 748 ih.
310 711 336 746 v.
349 696 392 750 10.
414 688 458 755 εἰς
472 687 526 762 τήν
542 689 627 763 ἁγίαν
641 692 764 763 Σοφίαν]
787 693 887 816 imperii
908 711 1031 749 coronam
1048 695 1143 765 μήποτ
1158 697 1288 768 principes

185 760 391 816 Christianosin
408 762 581 816 ecclesianam
603 763 747 833 suscepisse
767 779 818 833 apu
850 782 891 816 me
906 770 947 817 est
962 765 1100 821 indubium.
1123 771 1149 818 at
1170 768 1288 835 quamvis

189 832 224 884 de
234 831 382 896 Marciano,
400 832 445 900 qui
455 832 568 884 Anatolii
578 833 742 916 patriarchae
760 848 810 901 ope
827 833 971 886 declaratas
988 841 1029 886 est
1045 834 1210 904 imperatore
1222 837 1287 889 Pul·
1353 904 1356 912 Ι

189 901 290 968 chene,
307 901 425 952 nonnulla
441 901 475 953 sit
491 901 618 970 suspicio,
634 917 708 971 quem
725 901 898 984 Theophanes
915 901 982 973 θείᾳ
992 896 1080 972 ψήφῳ
1092 897 1286 969 αὐτοκράτορα

188 964 395 1037 ἀναδειχθέντα
411 969 514 1034 scribit,
532 987 565 1024 en
581 976 665 1023 tamen
682 976 711 1021 ut
727 969 782 1022 Leo
800 971 883 1022 runior
899 970 1006 1024 rarioris
1022 988 1103 1041 nepos
1115 980 1218 1056 patrem
1235 974 1287 1027 ze-

186 1053 279 1092 nonem
297 1038 401 1107 propria
417 1055 492 1090 manu
509 1037 651 1092 diademate
667 1045 758 1106 ornat,
784 1035 815 1092 ἐν
837 1040 877 1110 τῷ
900 1040 1053 1107 καθίσματι
1076 1057 1127 1093 του
1148 1039 1286 1108 ίπποδρο-

214 1105 268 1175 ὀυ,
286 1107 323 1158 ait
337 1106 402 1159 idem
419 1107 600 1176 Theophanes.
623 1107 772 1160 Anastasius
788 1107 880 1162 ibidem
895 1116 1041 1160 coronatus.
1060 1108 1173 1162 lustinus
1192 1110 1217 1163 in
1236 1128 1285 1180 pa·

187 1123 265 1239 idtio,
282 1175 436 1228 lastinianus
448 1176 551 1228 ibidem.
583 1175 722 1228 Mauricius
742 1193 844 1246 qnoque
860 1194 891 1248 pr
908 1184 996 1230 esente
1017 1177 1117 1246 quidem
1138 1179 1285 1247 patriarcha

186 1251 329 1314 senatuque
344 1243 484 1314 imperator
500 1245 626 1298 saluatus
638 1250 694 1314 eat,
715 1261 803 1298 verum
824 1246 852 1297 in
915 1246 960 1298 atii
976 1246 1110 1311 tribunali,
1135 1246 1167 1300 ad
1184 1248 1286 1301 'liberii

185 1311 287 1364 iamiam
298 1312 415 1366 morituri
435 1314 544 1377 lectum,
561 1312 588 1366 in
607 1329 681 1381 quem
696 1313 780 1366 locum
801 1313 858 1383 ipse
880 1310 1013 1382 φοράδην
1032 1309 1196 1383 ἑξεκομίσδη
1218 1318 1284 1371 scri·

186 1381 228 1434 hit
250 1382 423 1436 Simocattat
447 1386 472 1437 1.
504 1384 683 1464 Copronymus
714 1383 825 1451 deniqne
853 1381 881 1434 in
911 1383 1082 1436 novemdecim
1111 1385 1285 1439 accubitorum

186 1449 307 1502 tribunali
322 1451 396 1518 regia
406 1468 502 1505 corona
514 1454 564 1504 furt
575 1451 719 1515 redimitus,
739 1456 768 1502 ut
781 1469 814 1504 ex
833 1450 993 1521 Theophane
1010 1452 1118 1505 interius
1136 1454 1285 1510 referemus.

186 1519 286 1571 Phocea
302 1519 410 1572 omnium
428 1520 525 1590 primus
540 1516 733 1590 περιβάλλεται
748 1513 800 1572 τόν
816 1519 954 1590 βασίλειον
970 1517 1110 1588 στέφανον
1127 1515 1158 1574 ἕν
1173 1523 1214 1593 τῷ
1229 1523 1286 1594 νεῷ

187 1587 239 1639 τοῦ
254 1583 402 1655 προφήτου
419 1585 467 1640 καλ
482 1588 637 1657 βαπτιστοῦ
651 1581 799 1656 Ἰωάννου,
841 1605 875 1640 ue
896 1590 982 1642 forsan
1004 1590 1164 1658 tyrannidem
1187 1592 1286 1661 pietate

187 1655 313 1708 coloraret
325 1663 352 1707 et
362 1657 419 1707 ioco
430 1671 504 1708 sacro
515 1655 674 1724 sacrilegium
688 1662 798 1725 tegeret.
856 1657 965 1711 eraclius
977 1658 1070 1711 deinde
1087 1653 1119 1710 ἐν
1134 1660 1175 1731 cpi
1188 1655 1286 1728 εόκτη-

188 1723 239 1797 ptos
256 1725 307 1778 τοῦ
323 1719 405 1792 άγίου
421 1721 571 1791 Στεφάνου
587 1717 618 1779 όν
633 1726 674 1798 cpi
689 1727 815 1796 παλατίῳ
836 1718 975 1811 insipie,
990 1727 1018 1780 in
1035 1726 1144 1799 οοολεσία
1159 1728 1261 1798 reliqui.

271 1837 334 1896 ibid.
355 1842 424 1896 nota
438 1839 640 1916 professionem
658 1838 741 1917 fidei,
762 1845 793 1899 et
812 1840 1015 1920 iuramentum,
1039 1859 1096 1918 quo
1121 1860 1155 1902 se
1174 1841 1283 1921 obliga·
1297 1855 1321 1912 Ρ
1337 1856 1390 1912 253

185 1923 239 1981 bat
253 1928 312 1982 tam
324 1924 477 2003 imperator
491 1943 575 2000 quam
590 1926 700 1983 futurus
714 1926 875 2006 imperator.

254 2045 315 2100 ibid.
355 2045 429 2112 fidei,
454 2064 528 2117 quam
546 2051 630 2101 mente
647 2053 760 2113 teneret,
784 2049 910 2120 publicum
930 2047 1100 2105 testimorim
1120 2050 1147 2104 in
1162 2049 1287 2104 οοιδοείοο
1324 2036 1329 2042 “

119 2181 122 2186 Ι
186 2122 313 2168 conventu
330 2117 424 2188 primus
440 2116 508 2169 inter
524 2117 689 2186 imperatores
705 2118 777 2170 dedit
794 2119 950 2171 Anastasius.
977 2120 1107 2172 historiam
1129 2120 1214 2172 reiert
1236 2119 1286 2174 hoc

184 2189 264 2306 pacto
281 2184 467 2254 Theophanes:
515 2176 688 2247 ασιλεόσαςδ
710 2178 881 2248 ’Λναστάσιος
897 2182 1036 2272 ἔγγραφον
1058 2182 1286 2325 οἲπητήδτχκήμχῑ

186 2249 1220 2394 όίῗῖόῗῗόιῗόφηγόῖι’ἒῗριδῖἵὲόίεἴρῗῗόόλῖόῗῗλῗὲόὙιαι
1233 2326 1284 2386 τε

185 2386 353 2459 συγκλήτου,
374 2342 471 2462 ἔλαβεν
488 2342 576 2445 odedi
591 2343 630 2445 dd
647 2343 876 2460 ίδιόχειρον,ηο“ις
900 2342 1066 2460 άποδέχετάι
1088 2342 1143 2455 sl?
1151 2387 1219 2460 όρον
1235 2343 1285 2446 sd-

185 2475 269 2518 στεως
284 2453 319 2512 τά
337 2455 462 2528 δόγματα
478 2462 528 2528 τῆς
546 2457 577 2516 ἐν
592 2457 751 2530 Χαλκηδόνι
766 2456 896 2514 συνόδου.
921 2460 969 2514 καλ
993 2455 1067 2514 οὕτω
1087 2459 1219 2528 acephalo
1233 2455 1282 2514 ὑπ’

185 2522 275 2580 αὐτοῦ
286 2523 430 2596 Ἀριάδνην
453 2523 549 2596 άγεται
572 2526 612 2590 εἰς
630 2527 729 2598 γάμον.
754 2530 876 2600 scriptam
891 2529 1049 2600 sponsionem
1069 2530 1139 2582 illam
1157 2547 1237 2599 penes
1253 2548 1284 2584 se

186 2595 345 2662 custodiebat
356 2597 516 2670 patriamha:
530 2599 571 2669 cpi
584 2591 637 2666 γάρ
655 2593 776 2666 δευτέρῳ
795 2596 849 2650 ἔτει
867 2589 969 2665 αὐτοῦ,
993 2598 1030 2650 ait
1047 2598 1197 2663 cedrenus,
1213 2593 1284 2667 μετὰ

186 2664 251 2735 βίας
266 2660 318 2734 τήν
333 2655 482 2733 ὁμολογίαν
499 2659 587 2719 aizoo
603 2661 681 2730 παρά
699 2662 848 2735 Εὖδυμίου
873 2663 963 2736 ἔλαβε.
988 2683 1075 2736 parem
1097 2668 1158 2720 fidei
1199 2669 1284 2720 roies-

185 2732 281 2786 sionem
300 2734 383 2786 emisit
402 2735 519 2799 Phocas‚
537 2735 625 2788 eodem
641 2735 715 2788 'l'beo
734 2736 800 2788 hana
815 2739 895 2787 teste:
919 2731 1032 2788 πάντων
1051 2729 1082 2788 ἐν
1100 2727 1162 2806 cpi*
1205 2732 1285 2807 δόμῳ

185 2802 257 2866 (loco
269 2803 314 2856 ct>
331 2809 429 2872 septem
441 2803 567 2872 lapidibus
584 2802 688 2872 dissito)
712 2800 890 2872 consopiente
909 2799 1051 2888 Κυριακός
1072 2800 1088 2856 δ
1111 2801 1284 2872 πατριάρχης

184 2867 313 2939 άπήτησε
329 2867 379 2925 τόν
394 2867 534 2943 τύραννον
551 2863 565 2925 d
588 2872 701 2936 ολογίαν
717 2869 847 2936 περὶτῆς
862 2862 1023 2934 όρδοδοξου
1040 2868 1154 2934 πίστεως
1172 2873 1284 2925 καὶτοῦ

184 2934 328 3007 άτάραχον
343 2936 465 3006 φυλάξαι
487 2935 540 3006 τήν
562 2890 716 3004 όκκλησίαν.
746 2936 851 2989 tertium
876 2937 1022 2990 exhibuisse
1041 2940 1151 2992 Leonem
1170 2941 1285 2993 isaurum

183 3007 285 3076 reperio
304 3007 373 3075 apud
392 3007 544 3090 periptorem
567 3005 681 3088 eundem.
715 3001 796 3090 Λόγον
817 2994 868 3081 οὖν
883 3002 1015 3125 είχήλδεν
1030 3003 1072 3128 ege
1087 3002 1285 3130 “Asgaldfl'fls

183 3074 234 3198 iii
249 3075 1045 3213 tiliibibititri‘tlttttti‘ttt’alitilia
1058 3080 1285 3211 tibitibi

183 3206 360 3278 πατριάρχου
377 3205 475 3278 ὄντος,
497 3207 636 3277 πρότερον
653 3209 772 3296 ποιήσας
795 3207 945 3280 ίδιόχειρον
966 3206 1036 3278 μετά
1061 3213 1117 3266 τῶν
1139 3206 1190 3265 σόν
1206 3208 1283 3265 edroi

183 3270 830 3401 crttsoppgppttp‘sgppopppappum
847 3277 1285 3403 ffffiffio‘ffiiiffds‘il

185 3364 382 3480 ddddiahn
400 3366 492 3498 nerdpe
509 3367 649 3469 inradianto
667 3366 781 3486 ddeique
795 3365 958 3481 tesdimonioz
975 3367 1284 3486 adredddimperatorea
1358 3417 1361 3422 ’

183 3486 260 3558 pravi
270 3501 358 3538 sensus
376 3486 521 3554 suspicione
537 3492 637 3538 notatos
655 3486 800 3539 munierunt
814 3485 930 3554 primitus
964 3485 1120 3550 atriarchae,
1138 3486 1206 3539 unde
1222 3503 1284 3540 sem·

184 3554 234 3608 sim
248 3554 356 3606 invaluit
374 3570 427 3606 mos
444 3559 472 3606 ut
487 3554 621 3607 orthodoxi
638 3571 741 3636 quoque
760 3553 837 3606 fidem
854 3571 918 3621 erga
953 3570 1009 3606 eum
1020 3560 1047 3607 et
1058 3556 1083 3607 in
1095 3556 1213 3626 populum
1229 3555 1286 3610 cle-

183 3623 302 3676 mentiem
313 3622 464 3690 interposito
475 3631 632 3678 sacramento
645 3624 774 3676 devincire
790 3640 840 3675 non
852 3624 1001 3677 abnuerent.
1019 3623 1052 3675 de
1070 3625 1194 3677 Michaele
1212 3625 1286 3678 Ran-

183 3691 251 3762 gahe
262 3702 322 3762 post
333 3692 447 3744 isaurum
459 3699 551 3760 quarto
562 3692 718 3761 imperatore
737 3691 827 3745 scribit
842 3691 972 3746 Zonarass
992 3686 1049 3744 δπό
1074 3695 1125 3746 τοῦ
1147 3690 1285 3762 πατριάρ-

181 3778 236 3831 χου
264 3757 433 3828 Νικηφόρον
462 3759 620 3814 τεταινίατο
650 3761 784 3831 βασιλικῷ
815 3757 983 3830 διαδήματι,
1019 3754 1189 3830 άπαιτηδείε
1217 3757 1285 3830 παρ’

183 3823 274 3881 edred
291 3825 429 3897 ἔγγραφον
445 3823 609 3898 ἐπαγγελίαν
627 3831 678 3882 τοῦ
692 3826 732 3898 μή
754 3848 782 3882 τι
798 3832 987 3898 παρακινῆσαι
1006 3831 1062 3882 τῶν
1076 3830 1126 3898 τῆς
1142 3823 1287 3898 ἐκκλησίας

183 3898 296 3965 δεσμῶν
311 3892 376 3965 μηδ’
399 3897 496 3966 αἵμασι
519 3899 681 3968 χρανθήναι
706 3899 889 3963 Χριστιανῶν.
918 3899 974 3951 Leo
996 3900 1131 3953 Armenius
1154 3896 1287 3965 στεφθελο

182 3961 241 4018 sind
256 3961 426 4034 Νικηφόρον
437 3963 611 4035 πατριάρχου
622 3962 787 4037 ἐβεβαίωσεν
797 3962 884 4020 adedo
895 3962 1038 4035 ἐγγράφως
1048 3965 1111 4034 περὶ
1123 3969 1173 4036 τῆς
1182 3960 1285 4020 ἑαυτοῦ

181 4031 365 4101 trevorgias.
394 4035 443 4088 deo
459 4035 596 4105 nepotique
619 4035 694 4087 fldem
713 4039 889 4101 servaturum,
914 4035 976 4088 diris
997 4035 1171 4104 interpositis,
1186 4033 1285 4116 promi-

184 4103 253 4156 sisse
273 4103 440 4157 Andronicum
460 4104 533 4158 testis
550 4109 591 4156 est
608 4103 718 4156 Nicetes
733 4105 762 4158 in
780 4104 871 4157 Alexio
889 4103 1016 4157 Manuelis
1032 4105 1065 4158 1⁴¹.
1078 4104 1207 4174 praestitit
1215 4102 1283 4156 idem

185 4171 276 4224 tertius
286 4173 446 4226 Andronicus
464 4172 546 4225 iunior
562 4172 661 4241 dictus,
680 4189 714 4225 ex
730 4173 900 4241 Gregora04
920 4173 966 4227 15:
985 4167 1046 4227 also
1063 4167 1147 4233 αότός
1162 4164 1214 4238 μὶν
1227 4165 1284 4224 ’As-

184 4237 316 4305 dodsnsoc
330 4237 428 4310 όμνυσι
444 4242 484 4312 τῷ
506 4240 592 4311 πατρὶ
608 4241 719 4314 πρῶτον
734 4236 786 4310 μὲν
801 4238 892 4311 σέβειν
909 4236 942 4293 τ’
979 4242 1031 4315 τοῦ
1046 4241 1119 4294 θεοῦ
1136 4233 1283 4308 ἐκκλησίαν

183 4301 281 4378 ὀρθῶς
295 4307 344 4363 καλ
366 4305 402 4364 τά
424 4307 527 4383 ταύτης
551 4308 691 4382 προνόμια
713 4305 855 4383 περιέπειν
878 4259 962 4364 καλόν
970 4304 1085 4364 ἅπαντα
1105 4303 1212 4379 τρόπον
1234 4304 1284 4364 καὶ
