3075 4867
560 267 609 349 IN
628 270 779 346 coulul
799 273 884 342 GAP.
910 272 938 340 1.
1221 275 1294 347 133

197 438 268 500 divit
295 437 517 516 protonotarium
544 454 607 496 esse
633 433 781 520 θυρωρόν
802 457 861 499 sen
885 434 1049 501 osannam?
1079 430 1164 518 θαῖμα
1194 439 1291 520 igitur,

196 525 252 583 hoc
275 529 319 584 est
340 527 441 600 tarrac,
471 523 631 584 nominatur
653 543 711 582 non
728 525 807 605 qaod
827 526 866 584 sit
887 529 987 586 innitor
1012 542 1063 583 seu
1085 523 1291 604 admissionalis,

180 611 248 668 'sed
275 609 340 686 quia
365 614 410 673 est
434 609 576 688 proximus
604 607 640 666 ab
665 610 872 669 exocatacoelis.
911 629 964 690 nec
989 610 1133 684 estquod
1157 607 1252 668 Iunius
1273 633 1292 670 a

196 695 334 756 Iam‘sum's
363 694 519 753 subsidium
542 698 634 773 petat:
666 693 712 755 alii
732 695 806 760 enim
828 712 931 753 nomen
950 695 1003 753 hoc
1023 712 1082 752 non
1098 712 1117 750 a
1133 695 1290 755 manased

196 780 232 836 ab
259 777 314 840 alio
337 776 428 858 longe'
446 779 556 838 diverso
578 777 713 838 vocabulo
739 777 898 858 deducunt,
923 785 957 838 ut
986 779 1016 838 in
1039 777 1182 838 Pandecte
1203 777 1290 841 Ture.

194 865 289 922 videre
303 863 376 923 licet.

278 962 355 1024 Illud
377 963 493 1044 insuper
525 963 656 1023 festivum
683 969 744 1041 est,
773 982 836 1028 cum
869 962 911 1022 ait
939 965 1118 1046 protonotarii
1143 963 1233 1043 furiae
1259 971 1292 1024 ot

196 1069 264 1128 quae
293 1049 366 1128 soris
398 1069 417 1108 u
455 1049 598 1110 cataractis
621 1049 664 1109 uel
683 1069 731 1126 per
762 1050 908 1109 cataractas
930 1049 970 1115 ud
987 1049 1172 1127 patriarcham
1195 1049 1292 1125 offere-

194 1139 311 1210 bantur,
348 1154 381 1194 aa
412 1136 548 1210 acciperet.
591 1152 649 1213 quo
676 1139 789 1194 auctore
813 1133 867 1192 hoc
905 1130 1049 1193 affirmas?
1089 1151 1155 1192 nam
1186 1135 1290 1194 dicenti

194 1220 333 1281 duntaxat
356 1220 381 1278 si
410 1220 600 1297 crederemus,
634 1219 727 1280 omnia
755 1219 942 1295 crederemus,
978 1220 1061 1277 etiam
1087 1223 1185 1298 aperte
1210 1219 1289 1278 falsa

191 1307 369 1383 protonotarii
389 1304 444 1362 fuit
468 1321 565 1364 cauare
584 1305 718 1385 pittua'a,
746 1309 779 1363 ut
803 1303 894 1379 inquit
916 1304 1051 1362 Codinus.
1089 1307 1224 1381 pittan'a,
1249 1306 1290 1363 ait

194 1388 324 1448 Cuiacius
342 1389 380 1448 ad
402 1389 446 1450 tit.
470 1391 511 1451 37
529 1387 577 1447 lib.
599 1391 638 1452 12
655 1389 716 1449 cod.
740 1387 919 1465 Iustinianei,
953 1395 1015 1447 suut
1041 1392 1156 1447 rationes
1175 1394 1202 1447 et
1220 1409 1289 1447 com·
1386 1404 1389 1408 ⁴

193 1477 319 1534 montorii
344 1491 509 1533 annonarum
537 1473 705 1543 militarium.
745 1473 832 1532 eadem
860 1476 962 1571 omnin
992 1468 1180 1550 significantur
1208 1476 1289 1533 etiam

193 1559 334 1636 epistolae,
359 1557 465 1633 album,
494 1560 613 1620 notaria.
655 1558 696 1616 ita
710 1555 741 1619 lu
755 1558 815 1615 iure
833 1557 918 1616 civih:
950 1557 995 1616 hic
1015 1559 1144 1616 militares
1168 1577 1289 1616 annonae

192 1643 284 1702 locum
303 1661 362 1701 non
378 1643 492 1702 habent.
532 1648 578 1704 est
597 1661 666 1720 ergo
682 1635 839 1704 πιττάκιον
854 1643 967 1720 proprie
984 1643 1062 1718 quod
1078 1660 1131 1700 nos
1148 1660 1290 1720 vocamus,

193 1727 376 1788 ecclesiastica
393 1728 594 1786 consuetudine
614 1733 643 1786 et
661 1725 866 1807 appellatione,
889 1728 965 1786 breue
984 1727 1064 1803 (hine
1078 1726 1152 1792 breue
1172 1735 1289 1805 aposto-

192 1813 291 1890 lieum,
308 1818 343 1874 et
362 1811 557 1870 Germanicum
577 1810 649 1890 brief
661 1832 713 1890 pro
736 1811 871 1891 epistola,
890 1818 920 1871 et
941 1813 971 1870 in
992 1810 1147 1870 Annalibus
1169 1809 1288 1870 Latino·

192 1897 324 1958 Barbaris
345 1897 525 1971 tranguntur
541 1898 584 1958 eiu
602 1895 781 1974 brieftrc‘iger,
799 1916 850 1954 seu
870 1897 1029 1956 breviculum
1049 1915 1099 1954 seu
1118 1897 1287 1972 breuiarium,

193 1983 270 2038 unde
291 1979 424 2038 Germani
444 1999 525 2040 suum
543 1981 642 2038 breviar
657 1980 829 2058 formarunt,
850 2001 903 2058 pra
923 1981 993 2039 libro
1010 1980 1176 2038 sacerdotali
1185 2000 1219 2038 ex
1229 1999 1288 2060 quo

194 2067 282 2124 horae
303 2065 450 2125 canonicae
467 2063 671 2143 persolvuntur.
712 2067 832 2125 occurrit
846 2065 915 2123 haec
935 2085 990 2125 vox
1007 2067 1081 2123 breue
1096 2065 1244 2140 aliquoties
1258 2065 1289 2123 in

192 2150 302 2226 legibus
326 2147 466 2208 Francicis
490 2153 519 2208 et
541 2150 571 2206 in
589 2150 705 2226 Synodo
722 2150 861 2208 Meldensi
876 2155 936 2208 c'an.
957 2149 986 2213 4.
1006 2148 1193 2207 Glossarium:
1221 2171 1289 2210 πιτ-

192 2229 300 2297 τάκιον
316 2236 475 2313 pittacium,
494 2234 588 2294 breuis.
630 2231 757 2292 Annain
775 2234 909 2308 Alexiade
926 2253 992 2291 sua:
1015 2232 1067 2293 uni
1081 2229 1117 2293 cai
1132 2233 1234 2312 βιβλία
1245 2233 1289 2306 εἰς
1373 2244 1376 2249 “

194 2317 287 2402 μέσον
305 2320 471 2400 τηνικαῦτα
493 2318 689 2397 maeotidem·
711 2319 818 2399 βρεβία
831 2315 964 2395 ταῦταῆ
984 2312 1134 2395 συνήθεια
1150 2313 1214 2379 οἶδε
1231 2341 1289 2378 ιτα-

194 2412 273 2478 λεῐν,
297 2403 330 2467 ἕν
352 2399 398 2477 οἷς
419 2397 623 2484 ἄναγονῖφεται
640 2399 677 2462 ari
699 2401 733 2464 iv
759 2397 874 2486 ἑκάστῳ
901 2400 1015 2478 τεμένει
1041 2399 1115 2464 ὅντα
1140 2396 1287 2480 κειμήλια.

193 2489 262 2548 haec
277 2490 386 2549 notavit
402 2488 536 2546 Pithoeus
556 2489 593 2546 ad
608 2486 685 2563 leges
705 2485 862 2546 Francicus.
903 2487 1061 2546 huiusmodi
1077 2507 1145 2565 ergo
1167 2488 1289 2546 breuibus

192 2571 369 2634 conficiendis
384 2578 512 2652 praeerat
530 2573 756 2650 protonotarius,
774 2579 803 2630 et
823 2579 920 2649 posset
938 2573 1012 2630 forte
1030 2567 1047 2634 ὅ
1067 2572 1110 2643 εἰς
1129 2567 1167 2633 τοὶ
1183 2567 1287 2632 πιττά-

193 2681 245 2721 κια
266 2659 347 2720 unico
373 2665 403 2717 et
430 2659 581 2717 etiamnum
607 2655 797 2717 ecclesiasticis
821 2656 1009 2715 functionibus
1024 2658 1130 2715 usitato
1150 2655 1287 2716 vocabulo

193 2744 248 2802 dici
265 2745 430 2804 αὸὁιονίαιοτ
452 2741 496 2801 vel
517 2737 611 2820 potius
625 2743 771 2812 breviatam
792 2761 850 2818 qua
868 2759 936 2802 uoce
953 2742 1043 2800 utitur
1056 2743 1141 2799 etiam
1156 2741 1288 2801 Iustinia-

192 2848 247 2888 nus
270 2826 379 2887 Novell.
404 2827 473 2890 105.
515 2832 560 2885 est
585 2827 669 2884 etiam
693 2827 782 2903 meae,
808 2833 838 2884 et
863 2846 914 2903 per
937 2845 1111 2901 consequeus
1132 2831 1287 2903 pittacium,

192 2917 387 2982 inventarium
415 2913 493 2986 quod
518 2911 553 2969 ab
580 2911 689 2988 Optato
707 2911 725 2970 l.
745 2915 758 2975 l
777 2917 893 2969 vocatur
908 2915 1176 2970 commemoratorium.
1207 2910 1398 2974 ,iteml'163

194 2999 292 3058 dranis:
313 2999 412 3068 trevir,
430 2997 461 3054 id
476 3001 521 3054 est
536 2997 633 3072 index,
653 3000 716 3054 auri
732 3001 758 3054 at
775 3000 884 3072 argenti
902 2996 1053 3056 Caeciliano
1074 2996 1204 3071 traditur,
1232 2998 1287 3055 ad-

193 3085 286 3142 hibitis
309 3083 427 3142 testibus.
470 3087 500 3141 et
519 3079 647 3138 absolute
670 3079 789 3139 indicem
809 3087 839 3139 et
855 3083 1032 3140 summarium
1047 3082 1086 3138 rei
1106 3081 1288 3158 comprehen-
1319 3097 1325 3102 ·

193 3169 300 3226 sionem
318 3163 462 3242 significat.
504 3165 570 3222 inde
586 3165 615 3222 in
637 3164 745 3241 legibus
760 3165 900 3224 Francicis
916 3173 945 3224 et
959 3167 1036 3244 apud
1054 3165 1224 3225 Nithardur'n
1233 3165 1287 3223 Hi-

193 3259 262 3313 stor.
284 3251 301 3311 l.
322 3249 472 3314 4verbum
487 3251 646 3321 inbreviare,
658 3289 663 3300 .
676 3249 729 3308 hoc
746 3256 791 3308 est
808 3251 914 3326 aliquid
935 3252 964 3308 in
988 3252 1073 3308 breve
1089 3269 1139 3307 seu
1159 3250 1287 3307 inventa-

192 3338 265 3395 rium
283 3337 393 3406 referre.
436 3336 472 3392 de
499 3334 614 3412 pittacio
637 3333 700 3391 vide
724 3336 808 3392 etiam
830 3336 1010 3394 Heribertum
1029 3335 1208 3392 Rosweidum
1234 3353 1286 3392 no·

163 3443 165 3448 ·
192 3428 283 3480 strum
299 3421 329 3480 in
347 3419 528 3478 Onomastico
545 3420 582 3478 ad
599 3418 679 3476 Vitas
693 3426 813 3498 patrum.
856 3421 982 3478 Zonaras
1000 3421 1030 3477 in
1048 3418 1154 3478 concilii
1166 3419 1285 3477 Cartha·

192 3505 317 3585 ginensis
333 3507 475 3564 Canones:
499 3501 620 3584 βμέβιον
640 3501 662 3583 rp‘
684 3500 808 3584 ἐπιτομὴ
827 3503 939 3586 λέγεται
952 3503 1003 3566 καὶ
1015 3502 1162 3580 σύντομος
1171 3498 1285 3584 γραφή.

194 3593 305 3674 βρεβίοι
328 3586 386 3672 polp
410 3585 486 3650 κατα
505 3590 657 3661 Λατίνους
673 3585 707 3652 ro*
728 3589 839 3670 τέμνω,
861 3588 911 3677 aul
933 3590 1071 3671 βρεβίτας
1095 3588 1118 3668 of
1130 3591 1283 3669 camapio.

278 3729 306 3788 p.
321 3707 341 3771 4
354 3727 381 3766 v.
397 3705 444 3772 14.
465 3705 510 3764 De
523 3706 629 3782 orign‘ne
642 3707 718 3766 vocis
729 3701 884 3770 πιττάκιον
896 3707 965 3766 haec
979 3706 1195 3785 Moschopulus:
1213 3730 1284 3768 τιττ-

191 3789 281 3857 τύκια
288 3796 431 3874 Δωρικῶς
445 3788 480 3852 τὰ
494 3786 585 3854 λεπτὰ
600 3789 807 3873 περιτμήματα
820 3798 879 3856 τοῖν
890 3794 1065 3877 δερματίαν,
1079 3787 1179 3872 οἷφόὗ
1196 3790 1284 3873 ἡμεῖς
1363 3863 1366 3867 p

191 3874 329 3982 πιττάμια
345 3878 476 3960 λέγομεν.

260 3991 442 4061 Moschopulus
453 3985 584 4046 asariam
594 3989 688 4043 Dorice
703 3992 857 4060 pronuntiat,
879 3996 907 4045 et
917 3995 1078 4047 membranas
1086 3991 1140 4046 sive
1150 3989 1283 4060 pelliceam

191 4062 305 4114 chartam
317 4063 373 4114 sive
383 4077 561 4147 pergamenum
571 4059 708 4128 significat.
740 4061 766 4112 in
778 4061 866 4113 eodem
889 4081 965 4116 senisu
984 4063 1072 4116 audies
1090 4061 1180 4127 vulgus
1196 4060 1281 4110 Grae-

191 4148 280 4184 corum
296 4131 454 4198 lapupuvor
473 4130 568 4182 dicero.
609 4146 784 4198 nonnunquam
797 4139 883 4183 tamen
900 4133 1015 4200 diploma
1033 4132 1136 4184 tutulos
1156 4131 1230 4180 οιτον
1243 4144 1286 4178 co·

192 4202 293 4252 dividor
313 4201 408 4264 refert3
431 4206 533 4270 tumque
553 4199 684 4254 materiam
703 4215 737 4252 na
756 4200 950 4270 contemplans,
972 4199 1020 4254 scd
1042 4199 1068 4251 in
1089 4193 1288 4266 scriptislectis·

192 4285 243 4340 que
254 4267 303 4322 tibi
312 4267 462 4322 numadum.
