<?xml version="1.0" encoding="UTF-8"?>
<!DOCTYPE html PUBLIC "-//W3C//DTD XHTML 1.0 Transitional//EN"
    "http://www.w3.org/TR/xhtml1/DTD/xhtml1-transitional.dtd">
<html xmlns="http://www.w3.org/1999/xhtml" xml:lang="en" lang="en">
 <head>
  <title>
</title>
<meta http-equiv="Content-Type" content="text/html;charset=utf-8" />
  <meta name='ocr-system' content='tesseract 3.04.00' />
  <meta name='ocr-capabilities' content='ocr_page ocr_carea ocr_par ocr_line ocrx_word'/>
</head>
<body>
  <div class='ocr_page' id='page_1' title='image "./corpusscriptoru23theogoog/corpusscriptoru23theogoog_0381.png"; bbox 0 0 3075 4867; ppageno 0'>
   <div class='ocr_carea' id='block_1_1' title="bbox 510 247 1283 361">
    <p class='ocr_par' dir='ltr' id='par_1_1' title="bbox 510 247 1283 361">
     <span class='ocr_line' id='line_1_1' title="bbox 510 247 1283 361; baseline 0.012 -39"><span class='ocrx_word' id='word_1_1' title='bbox 510 247 558 322; x_wconf 79' lang='lat' dir='ltr'><strong>ur</strong></span> <span class='ocrx_word' id='word_1_2' title='bbox 575 250 724 322; x_wconf 83' lang='lat' dir='ltr'><strong>oonmr</strong></span> <span class='ocrx_word' id='word_1_3' title='bbox 739 251 827 325; x_wconf 79' lang='lat' dir='ltr'><strong>car.</strong></span> <span class='ocrx_word' id='word_1_4' title='bbox 841 249 986 361; x_wconf 73' lang='lat' dir='ltr'><strong>xvu.</strong></span> <span class='ocrx_word' id='word_1_5' title='bbox 1207 257 1283 332; x_wconf 82' lang='lat' dir='ltr'><strong>aaa</strong></span> 
     </span>
    </p>
   </div>
   <div class='ocr_carea' id='block_1_2' title="bbox 183 412 1285 668">
    <p class='ocr_par' dir='ltr' id='par_1_2' title="bbox 183 385 1285 668">
     <span class='ocr_line' id='line_1_2' title="bbox 185 412 1284 498; baseline 0.008 -22"><span class='ocrx_word' id='word_1_6' title='bbox 185 436 212 476; x_wconf 89' lang='lat' dir='ltr'><strong>c.</strong></span> <span class='ocrx_word' id='word_1_7' title='bbox 227 412 266 481; x_wconf 80' lang='lat'><strong>5:</strong></span> <span class='ocrx_word' id='word_1_8' title='bbox 285 416 499 496; x_wconf 74' lang='lat' dir='ltr'><strong>reginodnmait</strong></span> <span class='ocrx_word' id='word_1_9' title='bbox 512 419 578 480; x_wconf 74' lang='lat' dir='ltr'><strong>draci</strong></span> <span class='ocrx_word' id='word_1_10' title='bbox 588 417 927 498; x_wconf 73' lang='lat' dir='ltr'><strong>sasmttos&#39;plurisros‚‘ita</strong></span> <span class='ocrx_word' id='word_1_11' title='bbox 945 425 978 479; x_wconf 85' lang='lat' dir='ltr'><strong>ut</strong></span> <span class='ocrx_word' id='word_1_12' title='bbox 999 437 1085 482; x_wconf 78' lang='grc' dir='ltr'><strong><em>οιοισι</em></strong></span> <span class='ocrx_word' id='word_1_13' title='bbox 1105 421 1203 484; x_wconf 69' lang='lat' dir='ltr'><strong>milites</strong></span> <span class='ocrx_word' id='word_1_14' title='bbox 1223 445 1284 484; x_wconf 81' lang='lat' dir='ltr'><strong>saar</strong></span> 
     </span>
     <span class='ocr_line' id='line_1_3' title="bbox 183 500 1285 585; baseline 0.009 -25"><span class='ocrx_word' id='word_1_15' title='bbox 183 505 430 564; x_wconf 67' lang='lat' dir='ltr'><strong>aesnrotromittis.</strong></span> <span class='ocrx_word' id='word_1_16' title='bbox 471 500 535 563; x_wconf 86' lang='lat' dir='ltr'><strong>ride</strong></span> <span class='ocrx_word' id='word_1_17' title='bbox 549 503 724 566; x_wconf 82' lang='lat' dir='ltr'><strong>Glossarium</strong></span> <span class='ocrx_word' id='word_1_18' title='bbox 738 503 1022 566; x_wconf 79' lang='lat' dir='ltr'><strong>Graeco-barbarum.</strong></span> <span class='ocrx_word' id='word_1_19' title='bbox 1050 505 1156 585; x_wconf 86' lang='lat' dir='ltr'><strong>Tyrius</strong></span> <span class='ocrx_word' id='word_1_20' title='bbox 1172 510 1212 576; x_wconf 82' lang='grc'><strong>18</strong></span> <span class='ocrx_word' id='word_1_21' title='bbox 1225 515 1285 576; x_wconf 80' lang='lat'><strong>27:</strong></span> 
     </span>
     <span class='ocr_line' id='line_1_4' title="bbox 185 590 615 668; baseline 0 -20"><span class='ocrx_word' id='word_1_22' title='bbox 185 593 306 648; x_wconf 72' lang='grc' dir='ltr'><strong><em>ονοοιείο</em></strong></span> <span class='ocrx_word' id='word_1_23' title='bbox 316 596 462 668; x_wconf 80' lang='lat' dir='ltr'><strong>coopertum</strong></span> <span class='ocrx_word' id='word_1_24' title='bbox 475 590 615 650; x_wconf 72' lang='lat' dir='ltr'><strong>altissimo.</strong></span> 
     </span>
    </p>
   </div>
   <div class='ocr_carea' id='block_1_3' title="bbox 211 658 1288 772">
    <p class='ocr_par' dir='ltr' id='par_1_3' title="bbox 211 658 1288 772">
     <span class='ocr_line' id='line_1_5' title="bbox 211 658 1288 772; baseline 0.001 -16"><span class='ocrx_word' id='word_1_25' title='bbox 211 714 218 734; x_wconf 66' lang='lat'>²</span> <span class='ocrx_word' id='word_1_26' title='bbox 257 717 284 772; x_wconf 90' lang='lat' dir='ltr'><strong>p.</strong></span> <span class='ocrx_word' id='word_1_27' title='bbox 294 701 330 757; x_wconf 75' lang='grc'><strong>98</strong></span> <span class='ocrx_word' id='word_1_28' title='bbox 345 719 373 756; x_wconf 84' lang='lat' dir='ltr'><strong>v.</strong></span> <span class='ocrx_word' id='word_1_29' title='bbox 387 703 430 758; x_wconf 83' lang='lat'><strong>14.</strong></span> <span class='ocrx_word' id='word_1_30' title='bbox 446 697 462 756; x_wconf 81' lang='grc' dir='ltr'><em>ὃ</em></span> <span class='ocrx_word' id='word_1_31' title='bbox 479 696 560 770; x_wconf 68' lang='grc' dir='ltr'><strong><em>λόγος</em></strong></span> <span class='ocrx_word' id='word_1_32' title='bbox 576 701 710 770; x_wconf 73' lang='grc' dir='ltr'><strong><em>ζητεῖται]</em></strong></span> <span class='ocrx_word' id='word_1_33' title='bbox 727 700 825 756; x_wconf 84' lang='lat' dir='ltr'><strong>audebo</strong></span> <span class='ocrx_word' id='word_1_34' title='bbox 841 658 948 772; x_wconf 74' lang='lat' dir='ltr'><strong>dibius,</strong></span> <span class='ocrx_word' id='word_1_35' title='bbox 965 701 989 755; x_wconf 91' lang='lat' dir='ltr'><strong>si</strong></span> <span class='ocrx_word' id='word_1_36' title='bbox 1012 719 1064 757; x_wconf 90' lang='lat' dir='ltr'><strong>nou</strong></span> <span class='ocrx_word' id='word_1_37' title='bbox 1081 708 1183 770; x_wconf 85' lang='lat' dir='ltr'><strong>certas,</strong></span> <span class='ocrx_word' id='word_1_38' title='bbox 1204 705 1288 759; x_wconf 71' lang='lat' dir='ltr'><strong>rais-</strong></span> 
     </span>
    </p>
   </div>
   <div class='ocr_carea' id='block_1_4' title="bbox 184 769 1288 1668">
    <p class='ocr_par' dir='ltr' id='par_1_4' title="bbox 184 769 1288 1668">
     <span class='ocr_line' id='line_1_6' title="bbox 185 769 1287 859; baseline 0.005 -37"><span class='ocrx_word' id='word_1_39' title='bbox 185 785 247 822; x_wconf 89' lang='lat' dir='ltr'><strong>nem</strong></span> <span class='ocrx_word' id='word_1_40' title='bbox 262 773 388 854; x_wconf 61' lang='lat' dir='ltr'><strong>prolerre.</strong></span> <span class='ocrx_word' id='word_1_41' title='bbox 405 772 472 824; x_wconf 85' lang='lat' dir='ltr'><strong>torte</strong></span> <span class='ocrx_word' id='word_1_42' title='bbox 487 775 518 854; x_wconf 81' lang='lat' dir='ltr'><strong>pt</strong></span> <span class='ocrx_word' id='word_1_43' title='bbox 541 771 667 840; x_wconf 81' lang='lat' dir='ltr'><strong>quondam</strong></span> <span class='ocrx_word' id='word_1_44' title='bbox 690 769 846 842; x_wconf 84' lang='lat' dir='ltr'><strong>principibus</strong></span> <span class='ocrx_word' id='word_1_45' title='bbox 868 771 1021 843; x_wconf 63' lang='lat' dir='ltr'><strong>fflumphum</strong></span> <span class='ocrx_word' id='word_1_46' title='bbox 1044 774 1180 857; x_wconf 72' lang='lat' dir='ltr'><strong>agentibus</strong></span> <span class='ocrx_word' id='word_1_47' title='bbox 1201 775 1287 859; x_wconf 64' lang='lat' dir='ltr'><strong>(quod</strong></span> 
     </span>
     <span class='ocr_line' id='line_1_7' title="bbox 184 839 1287 979; baseline 0.005 -21"><span class='ocrx_word' id='word_1_48' title='bbox 184 854 259 967; x_wconf 70' lang='lat' dir='ltr'><strong>tit</strong></span> <span class='ocrx_word' id='word_1_49' title='bbox 268 839 979 978; x_wconf 64' lang='lat' dir='ltr'><strong>ititittt‘ttt.¹1²‘.t;,iht⁰tttlttt.</strong></span> <span class='ocrx_word' id='word_1_50' title='bbox 995 841 1287 979; x_wconf 49' lang='lat' dir='ltr'><strong>initiati:</strong></span> 
     </span>
     <span class='ocr_line' id='line_1_8' title="bbox 185 976 1288 1048; baseline 0.004 -20"><span class='ocrx_word' id='word_1_51' title='bbox 185 991 256 1028; x_wconf 90' lang='lat' dir='ltr'><strong>mum</strong></span> <span class='ocrx_word' id='word_1_52' title='bbox 272 976 362 1030; x_wconf 88' lang='lat' dir='ltr'><strong>sericis</strong></span> <span class='ocrx_word' id='word_1_53' title='bbox 377 977 427 1030; x_wconf 86' lang='lat' dir='ltr'><strong>illis</strong></span> <span class='ocrx_word' id='word_1_54' title='bbox 439 977 579 1047; x_wconf 70' lang='lat' dir='ltr'><strong>panniculis</strong></span> <span class='ocrx_word' id='word_1_55' title='bbox 601 977 675 1030; x_wconf 85' lang='lat' dir='ltr'><strong>elatis</strong></span> <span class='ocrx_word' id='word_1_56' title='bbox 690 977 717 1030; x_wconf 91' lang='lat' dir='ltr'><strong>in</strong></span> <span class='ocrx_word' id='word_1_57' title='bbox 733 977 838 1031; x_wconf 89' lang='lat' dir='ltr'><strong>sublime</strong></span> <span class='ocrx_word' id='word_1_58' title='bbox 861 992 957 1031; x_wconf 86' lang='lat' dir='ltr'><strong>morem</strong></span> <span class='ocrx_word' id='word_1_59' title='bbox 980 979 1110 1048; x_wconf 85' lang='lat' dir='ltr'><strong>antiquum</strong></span> <span class='ocrx_word' id='word_1_60' title='bbox 1132 995 1214 1032; x_wconf 88' lang='lat' dir='ltr'><strong>novus</strong></span> <span class='ocrx_word' id='word_1_61' title='bbox 1237 976 1288 1032; x_wconf 85' lang='lat' dir='ltr'><strong>ists</strong></span> 
     </span>
     <span class='ocr_line' id='line_1_9' title="bbox 184 1045 1287 1116; baseline 0.004 -20"><span class='ocrx_word' id='word_1_62' title='bbox 184 1045 287 1098; x_wconf 81' lang='lat' dir='ltr'><strong>reterre</strong></span> <span class='ocrx_word' id='word_1_63' title='bbox 301 1045 441 1100; x_wconf 84' lang='lat' dir='ltr'><strong>rideretur.</strong></span> <span class='ocrx_word' id='word_1_64' title='bbox 463 1063 511 1099; x_wconf 89' lang='lat' dir='ltr'><strong>nee</strong></span> <span class='ocrx_word' id='word_1_65' title='bbox 527 1046 573 1098; x_wconf 82' lang='lat' dir='ltr'><strong>ebs</strong></span> <span class='ocrx_word' id='word_1_66' title='bbox 590 1062 620 1099; x_wconf 88' lang='lat' dir='ltr'><strong>re</strong></span> <span class='ocrx_word' id='word_1_67' title='bbox 636 1045 685 1098; x_wconf 88' lang='lat' dir='ltr'><strong>dici</strong></span> <span class='ocrx_word' id='word_1_68' title='bbox 701 1051 789 1116; x_wconf 86' lang='lat' dir='ltr'><strong>potest</strong></span> <span class='ocrx_word' id='word_1_69' title='bbox 805 1049 933 1098; x_wconf 71' lang='lat' dir='ltr'><strong>matorum</strong></span> <span class='ocrx_word' id='word_1_70' title='bbox 951 1046 1145 1104; x_wconf 84' lang='lat' dir='ltr'><strong>domesticorum</strong></span> <span class='ocrx_word' id='word_1_71' title='bbox 1163 1054 1190 1101; x_wconf 89' lang='lat' dir='ltr'><strong>et</strong></span> <span class='ocrx_word' id='word_1_72' title='bbox 1205 1047 1287 1100; x_wconf 83' lang='lat' dir='ltr'><strong>leoto-</strong></span> 
     </span>
     <span class='ocr_line' id='line_1_10' title="bbox 185 1113 1287 1186; baseline 0.003 -21"><span class='ocrx_word' id='word_1_73' title='bbox 185 1129 246 1165; x_wconf 86' lang='lat' dir='ltr'><strong>rum</strong></span> <span class='ocrx_word' id='word_1_74' title='bbox 262 1114 354 1168; x_wconf 85' lang='lat' dir='ltr'><strong>nboros</strong></span> <span class='ocrx_word' id='word_1_75' title='bbox 368 1115 432 1168; x_wconf 82' lang='lat' dir='ltr'><strong>visis</strong></span> <span class='ocrx_word' id='word_1_76' title='bbox 447 1113 475 1166; x_wconf 89' lang='lat' dir='ltr'><strong>in</strong></span> <span class='ocrx_word' id='word_1_77' title='bbox 491 1115 558 1168; x_wconf 82' lang='lat' dir='ltr'><strong>atrio</strong></span> <span class='ocrx_word' id='word_1_78' title='bbox 574 1113 693 1168; x_wconf 85' lang='lat' dir='ltr'><strong>militibus</strong></span> <span class='ocrx_word' id='word_1_79' title='bbox 720 1131 767 1184; x_wconf 87' lang='lat' dir='ltr'><strong>per</strong></span> <span class='ocrx_word' id='word_1_80' title='bbox 788 1115 907 1168; x_wconf 85' lang='lat' dir='ltr'><strong>cohortes</strong></span> <span class='ocrx_word' id='word_1_81' title='bbox 930 1115 1020 1169; x_wconf 81' lang='lat' dir='ltr'><strong>divisis</strong></span> <span class='ocrx_word' id='word_1_82' title='bbox 1043 1133 1091 1170; x_wconf 86' lang='lat' dir='ltr'><strong>sus</strong></span> <span class='ocrx_word' id='word_1_83' title='bbox 1128 1116 1136 1130; x_wconf 89' lang='lat'>&#39;</span> <span class='ocrx_word' id='word_1_84' title='bbox 1209 1134 1287 1186; x_wconf 86' lang='lat' dir='ltr'><strong>pras-</strong></span> 
     </span>
     <span class='ocr_line' id='line_1_11' title="bbox 185 1130 1283 1258; baseline 0.003 -24"><span class='ocrx_word' id='word_1_85' title='bbox 185 1181 330 1258; x_wconf 86' lang='lat' dir='ltr'><strong>ierentibus</strong></span> <span class='ocrx_word' id='word_1_86' title='bbox 347 1180 474 1251; x_wconf 73' lang='grc' dir='ltr'><strong><em>(ἕκοιοτος</em></strong></span> <span class='ocrx_word' id='word_1_87' title='bbox 496 1177 547 1252; x_wconf 74' lang='grc' dir='ltr'><strong>γὰρ</strong></span> <span class='ocrx_word' id='word_1_88' title='bbox 564 1181 620 1236; x_wconf 80' lang='lat' dir='ltr'><strong>cois</strong></span> <span class='ocrx_word' id='word_1_89' title='bbox 645 1199 677 1250; x_wconf 85' lang='grc' dir='ltr'><strong>με</strong></span> <span class='ocrx_word' id='word_1_90' title='bbox 694 1179 813 1236; x_wconf 70' lang='lat' dir='ltr'><strong>incisas</strong></span> <span class='ocrx_word' id='word_1_91' title='bbox 826 1177 895 1253; x_wconf 74' lang='grc' dir='ltr'><strong><em>μετὰ</em></strong></span> <span class='ocrx_word' id='word_1_92' title='bbox 919 1184 970 1251; x_wconf 79' lang='grc' dir='ltr'><strong>τῆς</strong></span> <span class='ocrx_word' id='word_1_93' title='bbox 985 1181 1090 1246; x_wconf 75' lang='grc' dir='ltr'><strong><em>οἰκείας</em></strong></span> <span class='ocrx_word' id='word_1_94' title='bbox 1105 1130 1208 1249; x_wconf 47' lang='grc' dir='ltr'><strong><em>τῇπερ</em></strong></span> <span class='ocrx_word' id='word_1_95' title='bbox 1222 1185 1283 1238; x_wconf 81' lang='lat' dir='ltr'><strong>dsu-</strong></span> 
     </span>
     <span class='ocr_line' id='line_1_12' title="bbox 186 1245 1285 1336; baseline -0.001 -30"><span class='ocrx_word' id='word_1_96' title='bbox 186 1247 289 1316; x_wconf 76' lang='grc' dir='ltr'><strong><em>κριδόν</em></strong></span> <span class='ocrx_word' id='word_1_97' title='bbox 306 1245 494 1321; x_wconf 71' lang='grc' dir='ltr'><strong>ἐφιστάμενος,</strong></span> <span class='ocrx_word' id='word_1_98' title='bbox 513 1259 542 1306; x_wconf 88' lang='lat' dir='ltr'><strong>ut</strong></span> <span class='ocrx_word' id='word_1_99' title='bbox 557 1251 618 1304; x_wconf 88' lang='lat' dir='ltr'><strong>alibi</strong></span> <span class='ocrx_word' id='word_1_100' title='bbox 632 1267 666 1304; x_wconf 83' lang='lat' dir='ltr'><strong>ex</strong></span> <span class='ocrx_word' id='word_1_101' title='bbox 709 1251 778 1305; x_wconf 86' lang='lat' dir='ltr'><strong>ioeta</strong></span> <span class='ocrx_word' id='word_1_102' title='bbox 795 1253 823 1304; x_wconf 91' lang='lat' dir='ltr'><strong>iu</strong></span> <span class='ocrx_word' id='word_1_103' title='bbox 846 1252 942 1306; x_wconf 82' lang='lat' dir='ltr'><strong>loanne</strong></span> <span class='ocrx_word' id='word_1_104' title='bbox 958 1254 1114 1319; x_wconf 71' lang='lat' dir='ltr'><strong>rettulimus)</strong></span> <span class='ocrx_word' id='word_1_105' title='bbox 1130 1253 1201 1336; x_wconf 87' lang='lat' dir='ltr'><strong>ipsos</strong></span> <span class='ocrx_word' id='word_1_106' title='bbox 1218 1270 1285 1323; x_wconf 88' lang='lat' dir='ltr'><strong>qun·</strong></span> 
     </span>
     <span class='ocr_line' id='line_1_13' title="bbox 187 1321 1285 1404; baseline 0.004 -34"><span class='ocrx_word' id='word_1_107' title='bbox 187 1335 242 1387; x_wconf 87' lang='lat' dir='ltr'><strong>que</strong></span> <span class='ocrx_word' id='word_1_108' title='bbox 257 1325 313 1372; x_wconf 89' lang='lat' dir='ltr'><strong>tres</strong></span> <span class='ocrx_word' id='word_1_109' title='bbox 330 1325 482 1374; x_wconf 85' lang='lat' dir='ltr'><strong>memoratas</strong></span> <span class='ocrx_word' id='word_1_110' title='bbox 505 1321 608 1387; x_wconf 69' lang='lat' dir='ltr'><strong>henas,</strong></span> <span class='ocrx_word' id='word_1_111' title='bbox 628 1335 676 1389; x_wconf 86' lang='lat' dir='ltr'><strong>pre</strong></span> <span class='ocrx_word' id='word_1_112' title='bbox 702 1321 782 1373; x_wconf 88' lang='lat' dir='ltr'><strong>ternis</strong></span> <span class='ocrx_word' id='word_1_113' title='bbox 804 1321 1019 1404; x_wconf 78' lang='lat' dir='ltr'><strong>pratopsaltarum</strong></span> <span class='ocrx_word' id='word_1_114' title='bbox 1042 1321 1235 1374; x_wconf 73' lang='lat' dir='ltr'><strong>domesticorum</strong></span> <span class='ocrx_word' id='word_1_115' title='bbox 1255 1327 1285 1374; x_wconf 90' lang='lat' dir='ltr'><strong>et</strong></span> 
     </span>
     <span class='ocr_line' id='line_1_14' title="bbox 187 1387 1284 1458; baseline 0.004 -19"><span class='ocrx_word' id='word_1_116' title='bbox 187 1387 313 1441; x_wconf 80' lang='lat' dir='ltr'><strong>laetorum</strong></span> <span class='ocrx_word' id='word_1_117' title='bbox 330 1391 436 1454; x_wconf 84' lang='lat' dir='ltr'><strong>turmis,</strong></span> <span class='ocrx_word' id='word_1_118' title='bbox 453 1407 485 1442; x_wconf 83' lang='lat' dir='ltr'><strong>ex</strong></span> <span class='ocrx_word' id='word_1_119' title='bbox 501 1397 559 1444; x_wconf 88' lang='lat' dir='ltr'><strong>ntra</strong></span> <span class='ocrx_word' id='word_1_120' title='bbox 577 1405 611 1442; x_wconf 88' lang='lat' dir='ltr'><strong>ue</strong></span> <span class='ocrx_word' id='word_1_121' title='bbox 625 1389 682 1442; x_wconf 74' lang='grc' dir='ltr'><strong>τῶν</strong></span> <span class='ocrx_word' id='word_1_122' title='bbox 703 1393 830 1455; x_wconf 73' lang='grc' dir='ltr'><strong><em>πρακτῶν</em></strong></span> <span class='ocrx_word' id='word_1_123' title='bbox 848 1390 1014 1458; x_wconf 83' lang='lat' dir='ltr'><strong>as1e‚utad</strong></span> <span class='ocrx_word' id='word_1_124' title='bbox 1032 1390 1143 1458; x_wconf 78' lang='lat' dir='ltr'><strong>singulas</strong></span> <span class='ocrx_word' id='word_1_125' title='bbox 1162 1391 1234 1443; x_wconf 84' lang='lat' dir='ltr'><strong>velut</strong></span> <span class='ocrx_word' id='word_1_126' title='bbox 1250 1390 1284 1443; x_wconf 87' lang='lat' dir='ltr'><strong>ad</strong></span> 
     </span>
     <span class='ocr_line' id='line_1_15' title="bbox 187 1407 1285 1526; baseline 0.004 -18"><span class='ocrx_word' id='word_1_127' title='bbox 187 1457 320 1526; x_wconf 89' lang='lat' dir='ltr'><strong>proprium</strong></span> <span class='ocrx_word' id='word_1_128' title='bbox 335 1459 434 1526; x_wconf 84' lang='lat' dir='ltr'><strong>signum</strong></span> <span class='ocrx_word' id='word_1_129' title='bbox 450 1475 480 1512; x_wconf 91' lang='lat' dir='ltr'><strong>se</strong></span> <span class='ocrx_word' id='word_1_130' title='bbox 494 1407 587 1526; x_wconf 81' lang='lat' dir='ltr'><strong>singuli</strong></span> <span class='ocrx_word' id='word_1_131' title='bbox 604 1457 760 1526; x_wconf 75' lang='lat' dir='ltr'><strong>reciperent,</strong></span> <span class='ocrx_word' id='word_1_132' title='bbox 779 1459 820 1510; x_wconf 85' lang='lat' dir='ltr'><strong>rel</strong></span> <span class='ocrx_word' id='word_1_133' title='bbox 840 1463 911 1511; x_wconf 87' lang='lat' dir='ltr'><strong>certe</strong></span> <span class='ocrx_word' id='word_1_134' title='bbox 927 1457 961 1511; x_wconf 89' lang='lat' dir='ltr'><strong>ad</strong></span> <span class='ocrx_word' id='word_1_135' title='bbox 984 1459 1062 1511; x_wconf 87' lang='lat' dir='ltr'><strong>solam</strong></span> <span class='ocrx_word' id='word_1_136' title='bbox 1079 1459 1285 1526; x_wconf 73' lang='lat' dir='ltr'><strong>ostentationem,</strong></span> 
     </span>
     <span class='ocr_line' id='line_1_16' title="bbox 184 1526 1283 1596; baseline 0.005 -22"><span class='ocrx_word' id='word_1_137' title='bbox 184 1534 309 1594; x_wconf 66' lang='lat' dir='ltr'><strong>,promere</strong></span> <span class='ocrx_word' id='word_1_138' title='bbox 324 1527 445 1585; x_wconf 86' lang='lat' dir='ltr'><strong>voluisse.</strong></span> <span class='ocrx_word' id='word_1_139' title='bbox 462 1526 593 1588; x_wconf 83' lang='lat' dir='ltr'><strong>candidum</strong></span> <span class='ocrx_word' id='word_1_140' title='bbox 614 1543 678 1579; x_wconf 83' lang='lat' dir='ltr'><strong>vero</strong></span> <span class='ocrx_word' id='word_1_141' title='bbox 702 1526 856 1596; x_wconf 77' lang='lat' dir='ltr'><strong>rubrumque</strong></span> <span class='ocrx_word' id='word_1_142' title='bbox 879 1527 979 1580; x_wconf 84' lang='lat' dir='ltr'><strong>colores</strong></span> <span class='ocrx_word' id='word_1_143' title='bbox 1001 1526 1133 1580; x_wconf 82' lang='lat' dir='ltr'><strong>ecelesiam</strong></span> <span class='ocrx_word' id='word_1_144' title='bbox 1158 1527 1226 1581; x_wconf 84' lang='lat' dir='ltr'><strong>relat</strong></span> <span class='ocrx_word' id='word_1_145' title='bbox 1249 1527 1283 1580; x_wconf 88' lang='lat' dir='ltr'><strong>ad</strong></span> 
     </span>
     <span class='ocr_line' id='line_1_17' title="bbox 187 1594 969 1668; baseline 0.003 -21"><span class='ocrx_word' id='word_1_146' title='bbox 187 1610 219 1647; x_wconf 86' lang='lat' dir='ltr'><strong>se</strong></span> <span class='ocrx_word' id='word_1_147' title='bbox 234 1599 383 1668; x_wconf 72' lang='lat' dir='ltr'><strong>spectantes</strong></span> <span class='ocrx_word' id='word_1_148' title='bbox 398 1595 446 1650; x_wconf 86' lang='lat' dir='ltr'><strong>sibi</strong></span> <span class='ocrx_word' id='word_1_149' title='bbox 461 1595 605 1651; x_wconf 85' lang='lat' dir='ltr'><strong>vindicasse</strong></span> <span class='ocrx_word' id='word_1_150' title='bbox 620 1594 729 1649; x_wconf 84' lang='lat' dir='ltr'><strong>diximus</strong></span> <span class='ocrx_word' id='word_1_151' title='bbox 747 1595 775 1648; x_wconf 90' lang='lat' dir='ltr'><strong>in</strong></span> <span class='ocrx_word' id='word_1_152' title='bbox 789 1595 969 1665; x_wconf 85' lang='lat' dir='ltr'><strong>superioribus.</strong></span> 
     </span>
    </p>
   </div>
   <div class='ocr_carea' id='block_1_5' title="bbox 187 1695 1322 2204">
    <p class='ocr_par' dir='ltr' id='par_1_5' title="bbox 187 1695 1322 2204">
     <span class='ocr_line' id='line_1_18' title="bbox 274 1695 1322 1782; baseline 0.001 -23"><span class='ocrx_word' id='word_1_153' title='bbox 274 1701 311 1760; x_wconf 82' lang='lat' dir='ltr'><strong>id.</strong></span> <span class='ocrx_word' id='word_1_154' title='bbox 332 1720 359 1759; x_wconf 78' lang='lat' dir='ltr'><strong>u.</strong></span> <span class='ocrx_word' id='word_1_155' title='bbox 382 1699 431 1765; x_wconf 81' lang='lat'><strong>15.</strong></span> <span class='ocrx_word' id='word_1_156' title='bbox 450 1703 539 1760; x_wconf 79' lang='lat' dir='ltr'><strong>codex</strong></span> <span class='ocrx_word' id='word_1_157' title='bbox 553 1697 656 1762; x_wconf 85' lang='lat' dir='ltr'><strong>Lanth.</strong></span> <span class='ocrx_word' id='word_1_158' title='bbox 672 1722 724 1782; x_wconf 93' lang='lat' dir='ltr'><strong>pro</strong></span> <span class='ocrx_word' id='word_1_159' title='bbox 739 1704 852 1781; x_wconf 78' lang='grc' dir='ltr'><strong><em>σεμνοῦ</em></strong></span> <span class='ocrx_word' id='word_1_160' title='bbox 866 1695 977 1779; x_wconf 70' lang='grc' dir='ltr'><strong><em>ὕμνου.</em></strong></span> <span class='ocrx_word' id='word_1_161' title='bbox 1018 1704 1108 1760; x_wconf 85' lang='lat' dir='ltr'><strong>reete:</strong></span> <span class='ocrx_word' id='word_1_162' title='bbox 1129 1719 1188 1760; x_wconf 83' lang='grc' dir='ltr'><strong><em>οιιιιι</em></strong></span> <span class='ocrx_word' id='word_1_163' title='bbox 1207 1700 1285 1780; x_wconf 78' lang='lat' dir='ltr'><strong>lym-</strong></span> <span class='ocrx_word' id='word_1_164' title='bbox 1319 1764 1322 1772; x_wconf 64' lang='grc'><strong><em>,</em></strong></span> 
     </span>
     <span class='ocr_line' id='line_1_19' title="bbox 187 1784 1289 1863; baseline 0.003 -21"><span class='ocrx_word' id='word_1_165' title='bbox 187 1801 240 1842; x_wconf 83' lang='lat' dir='ltr'><strong>aas</strong></span> <span class='ocrx_word' id='word_1_166' title='bbox 252 1785 410 1860; x_wconf 79' lang='lat' dir='ltr'><strong>inchoatur,</strong></span> <span class='ocrx_word' id='word_1_167' title='bbox 432 1784 560 1845; x_wconf 84' lang='lat' dir='ltr'><strong>videlicet</strong></span> <span class='ocrx_word' id='word_1_168' title='bbox 584 1805 602 1845; x_wconf 89' lang='lat' dir='ltr'><strong>a</strong></span> <span class='ocrx_word' id='word_1_169' title='bbox 625 1786 806 1862; x_wconf 82' lang='lat' dir='ltr'><strong>cantoribus,</strong></span> <span class='ocrx_word' id='word_1_170' title='bbox 824 1786 873 1860; x_wconf 88' lang='lat' dir='ltr'><strong>qui</strong></span> <span class='ocrx_word' id='word_1_171' title='bbox 896 1786 1038 1844; x_wconf 85' lang='lat' dir='ltr'><strong>decantari</strong></span> <span class='ocrx_word' id='word_1_172' title='bbox 1056 1786 1129 1844; x_wconf 83' lang='lat' dir='ltr'><strong>solet</strong></span> <span class='ocrx_word' id='word_1_173' title='bbox 1142 1786 1171 1843; x_wconf 89' lang='lat' dir='ltr'><strong>in</strong></span> <span class='ocrx_word' id='word_1_174' title='bbox 1184 1805 1289 1863; x_wconf 79' lang='lat' dir='ltr'><strong>magno</strong></span> 
     </span>
     <span class='ocr_line' id='line_1_20' title="bbox 188 1868 1290 1949; baseline 0.004 -25"><span class='ocrx_word' id='word_1_175' title='bbox 188 1868 333 1946; x_wconf 80' lang='lat' dir='ltr'><strong>ingressu,</strong></span> <span class='ocrx_word' id='word_1_176' title='bbox 353 1869 408 1928; x_wconf 88' lang='lat' dir='ltr'><strong>hoc</strong></span> <span class='ocrx_word' id='word_1_177' title='bbox 428 1870 522 1929; x_wconf 76' lang='lat' dir='ltr'><strong>estin</strong></span> <span class='ocrx_word' id='word_1_178' title='bbox 544 1871 748 1949; x_wconf 84' lang='lat' dir='ltr'><strong>supplicatione</strong></span> <span class='ocrx_word' id='word_1_179' title='bbox 770 1889 821 1928; x_wconf 81' lang='lat' dir='ltr'><strong>aen</strong></span> <span class='ocrx_word' id='word_1_180' title='bbox 833 1869 942 1928; x_wconf 87' lang='lat' dir='ltr'><strong>solenni</strong></span> <span class='ocrx_word' id='word_1_181' title='bbox 954 1871 1151 1948; x_wconf 84' lang='lat' dir='ltr'><strong>processione,</strong></span> <span class='ocrx_word' id='word_1_182' title='bbox 1171 1871 1202 1928; x_wconf 91' lang='lat' dir='ltr'><strong>in</strong></span> <span class='ocrx_word' id='word_1_183' title='bbox 1222 1890 1290 1948; x_wconf 87' lang='lat' dir='ltr'><strong>qua,</strong></span> 
     </span>
     <span class='ocr_line' id='line_1_21' title="bbox 187 1944 1289 2034; baseline 0.006 -25"><span class='ocrx_word' id='word_1_184' title='bbox 187 1951 263 2012; x_wconf 87' lang='lat' dir='ltr'><strong>lecto</strong></span> <span class='ocrx_word' id='word_1_185' title='bbox 276 1953 333 2012; x_wconf 89' lang='lat' dir='ltr'><strong>iam</strong></span> <span class='ocrx_word' id='word_1_186' title='bbox 344 1953 503 2032; x_wconf 83' lang='lat' dir='ltr'><strong>evangelio,</strong></span> <span class='ocrx_word' id='word_1_187' title='bbox 523 1944 712 2016; x_wconf 80' lang='lat' dir='ltr'><strong>cir&#39;emufertur</strong></span> <span class='ocrx_word' id='word_1_188' title='bbox 725 1974 776 2032; x_wconf 84' lang='lat' dir='ltr'><strong>per</strong></span> <span class='ocrx_word' id='word_1_189' title='bbox 789 1955 924 2034; x_wconf 88' lang='lat' dir='ltr'><strong>templum</strong></span> <span class='ocrx_word' id='word_1_190' title='bbox 940 1956 1058 2013; x_wconf 86' lang='lat' dir='ltr'><strong>materia</strong></span> <span class='ocrx_word' id='word_1_191' title='bbox 1078 1955 1165 2012; x_wconf 88' lang='lat' dir='ltr'><strong>futuri</strong></span> <span class='ocrx_word' id='word_1_192' title='bbox 1184 1957 1289 2016; x_wconf 82' lang='lat' dir='ltr'><strong>sacrifi·</strong></span> 
     </span>
     <span class='ocr_line' id='line_1_22' title="bbox 187 2037 1289 2118; baseline 0.005 -24"><span class='ocrx_word' id='word_1_193' title='bbox 187 2037 240 2115; x_wconf 86' lang='lat' dir='ltr'><strong>cii,</strong></span> <span class='ocrx_word' id='word_1_194' title='bbox 263 2039 348 2099; x_wconf 87' lang='lat' dir='ltr'><strong>ducto</strong></span> <span class='ocrx_word' id='word_1_195' title='bbox 361 2039 441 2116; x_wconf 81' lang='lat' dir='ltr'><strong>initio</strong></span> <span class='ocrx_word' id='word_1_196' title='bbox 454 2058 472 2098; x_wconf 86' lang='lat' dir='ltr'><strong>a</strong></span> <span class='ocrx_word' id='word_1_197' title='bbox 484 2040 624 2118; x_wconf 83' lang='lat' dir='ltr'><strong>prothesi,</strong></span> <span class='ocrx_word' id='word_1_198' title='bbox 647 2041 684 2098; x_wconf 87' lang='lat' dir='ltr'><strong>ad</strong></span> <span class='ocrx_word' id='word_1_199' title='bbox 698 2040 803 2115; x_wconf 85' lang='lat' dir='ltr'><strong>altare,</strong></span> <span class='ocrx_word' id='word_1_200' title='bbox 829 2040 860 2098; x_wconf 91' lang='lat' dir='ltr'><strong>in</strong></span> <span class='ocrx_word' id='word_1_201' title='bbox 882 2057 939 2114; x_wconf 90' lang='lat' dir='ltr'><strong>quo</strong></span> <span class='ocrx_word' id='word_1_202' title='bbox 953 2040 1114 2098; x_wconf 84' lang='lat' dir='ltr'><strong>sacrificium</strong></span> <span class='ocrx_word' id='word_1_203' title='bbox 1127 2039 1289 2099; x_wconf 87' lang='lat' dir='ltr'><strong>immolaba-</strong></span> 
     </span>
     <span class='ocr_line' id='line_1_23' title="bbox 188 2122 1289 2204; baseline 0.003 -23"><span class='ocrx_word' id='word_1_204' title='bbox 188 2127 245 2182; x_wconf 90' lang='lat' dir='ltr'><strong>tur.</strong></span> <span class='ocrx_word' id='word_1_205' title='bbox 289 2124 326 2181; x_wconf 86' lang='lat' dir='ltr'><strong>de</strong></span> <span class='ocrx_word' id='word_1_206' title='bbox 349 2141 407 2199; x_wconf 82' lang='lat' dir='ltr'><strong>que</strong></span> <span class='ocrx_word' id='word_1_207' title='bbox 428 2125 606 2202; x_wconf 84' lang='lat' dir='ltr'><strong>processione</strong></span> <span class='ocrx_word' id='word_1_208' title='bbox 622 2125 734 2203; x_wconf 84' lang='lat' dir='ltr'><strong>legatur</strong></span> <span class='ocrx_word' id='word_1_209' title='bbox 745 2124 877 2184; x_wconf 83' lang='lat' dir='ltr'><strong>Cabasila</strong></span> <span class='ocrx_word' id='word_1_210' title='bbox 892 2125 923 2182; x_wconf 90' lang='lat' dir='ltr'><strong>in</strong></span> <span class='ocrx_word' id='word_1_211' title='bbox 935 2122 1062 2204; x_wconf 82' lang='lat' dir='ltr'><strong>Exposit</strong></span> <span class='ocrx_word' id='word_1_212' title='bbox 1076 2123 1181 2182; x_wconf 77' lang='lat' dir='ltr'><strong>Missae</strong></span> <span class='ocrx_word' id='word_1_213' title='bbox 1198 2145 1222 2184; x_wconf 83' lang='lat' dir='ltr'><strong>c</strong></span> <span class='ocrx_word' id='word_1_214' title='bbox 1236 2123 1289 2188; x_wconf 76' lang='grc'><strong>24.</strong></span> 
     </span>
    </p>
   </div>
   <div class='ocr_carea' id='block_1_6' title="bbox 188 2234 1292 2787">
    <p class='ocr_par' dir='ltr' id='par_1_6' title="bbox 188 2234 1292 2787">
     <span class='ocr_line' id='line_1_24' title="bbox 259 2234 1289 2308; baseline 0 -21"><span class='ocrx_word' id='word_1_215' title='bbox 259 2235 324 2288; x_wconf 86' lang='lat' dir='ltr'><strong>ibid.</strong></span> <span class='ocrx_word' id='word_1_216' title='bbox 358 2234 452 2308; x_wconf 87' lang='lat' dir='ltr'><strong>duplex</strong></span> <span class='ocrx_word' id='word_1_217' title='bbox 470 2238 579 2301; x_wconf 73' lang='grc' dir='ltr'><strong><em>εἴσοδος</em></strong></span> <span class='ocrx_word' id='word_1_218' title='bbox 594 2240 717 2293; x_wconf 79' lang='lat' dir='ltr'><strong>introitus</strong></span> <span class='ocrx_word' id='word_1_219' title='bbox 735 2239 761 2292; x_wconf 89' lang='lat' dir='ltr'><strong>in</strong></span> <span class='ocrx_word' id='word_1_220' title='bbox 783 2237 903 2305; x_wconf 80' lang='lat' dir='ltr'><strong>liturgia,</strong></span> <span class='ocrx_word' id='word_1_221' title='bbox 944 2252 1022 2289; x_wconf 81' lang='lat' dir='ltr'><strong>arvus</strong></span> <span class='ocrx_word' id='word_1_222' title='bbox 1046 2242 1074 2288; x_wconf 91' lang='lat' dir='ltr'><strong>et</strong></span> <span class='ocrx_word' id='word_1_223' title='bbox 1097 2254 1212 2306; x_wconf 84' lang='lat' dir='ltr'><strong>magnus.</strong></span> <span class='ocrx_word' id='word_1_224' title='bbox 1231 2238 1289 2308; x_wconf 78' lang='lat' dir='ltr'><strong>pri-&#39;¹</strong></span> 
     </span>
     <span class='ocr_line' id='line_1_25' title="bbox 188 2304 1289 2376; baseline 0.001 -18"><span class='ocrx_word' id='word_1_225' title='bbox 188 2319 245 2358; x_wconf 87' lang='lat' dir='ltr'><strong>mus</strong></span> <span class='ocrx_word' id='word_1_226' title='bbox 265 2305 408 2359; x_wconf 87' lang='lat' dir='ltr'><strong>inducendo</strong></span> <span class='ocrx_word' id='word_1_227' title='bbox 424 2307 459 2361; x_wconf 90' lang='lat' dir='ltr'><strong>sd</strong></span> <span class='ocrx_word' id='word_1_228' title='bbox 476 2307 557 2360; x_wconf 90' lang='lat' dir='ltr'><strong>altare</strong></span> <span class='ocrx_word' id='word_1_229' title='bbox 573 2309 780 2376; x_wconf 83' lang='lat' dir='ltr'><strong>evangeliorum,</strong></span> <span class='ocrx_word' id='word_1_230' title='bbox 797 2313 858 2359; x_wconf 84' lang='lat' dir='ltr'><strong>ante</strong></span> <span class='ocrx_word' id='word_1_231' title='bbox 873 2304 898 2357; x_wconf 92' lang='lat' dir='ltr'><strong>le</strong></span> <span class='ocrx_word' id='word_1_232' title='bbox 934 2321 1008 2357; x_wconf 86' lang='lat' dir='ltr'><strong>onem</strong></span> <span class='ocrx_word' id='word_1_233' title='bbox 1024 2322 1129 2370; x_wconf 89' lang='lat' dir='ltr'><strong>eorum,</strong></span> <span class='ocrx_word' id='word_1_234' title='bbox 1146 2307 1228 2371; x_wconf 88' lang='lat' dir='ltr'><strong>libro,</strong></span> <span class='ocrx_word' id='word_1_235' title='bbox 1245 2325 1289 2359; x_wconf 88' lang='lat' dir='ltr'><strong>se-</strong></span> 
     </span>
     <span class='ocr_line' id='line_1_26' title="bbox 190 2371 1291 2442; baseline 0.002 -16"><span class='ocrx_word' id='word_1_236' title='bbox 190 2373 292 2426; x_wconf 74' lang='lat' dir='ltr'><strong>cundus</strong></span> <span class='ocrx_word' id='word_1_237' title='bbox 308 2373 474 2442; x_wconf 77' lang='lat' dir='ltr'><strong>deportandis</strong></span> <span class='ocrx_word' id='word_1_238' title='bbox 498 2375 532 2428; x_wconf 88' lang='lat' dir='ltr'><strong>ad</strong></span> <span class='ocrx_word' id='word_1_239' title='bbox 549 2375 615 2429; x_wconf 90' lang='lat' dir='ltr'><strong>idem</strong></span> <span class='ocrx_word' id='word_1_240' title='bbox 634 2377 716 2428; x_wconf 89' lang='lat' dir='ltr'><strong>altare</strong></span> <span class='ocrx_word' id='word_1_241' title='bbox 737 2375 818 2426; x_wconf 83' lang='lat' dir='ltr'><strong>sacris</strong></span> <span class='ocrx_word' id='word_1_242' title='bbox 841 2372 933 2434; x_wconf 84' lang='lat' dir='ltr'><strong>donis,</strong></span> <span class='ocrx_word' id='word_1_243' title='bbox 959 2388 1025 2442; x_wconf 92' lang='lat' dir='ltr'><strong>pane</strong></span> <span class='ocrx_word' id='word_1_244' title='bbox 1042 2371 1155 2426; x_wconf 88' lang='lat' dir='ltr'><strong>nimirum</strong></span> <span class='ocrx_word' id='word_1_245' title='bbox 1178 2385 1206 2427; x_wconf 91' lang='lat' dir='ltr'><strong>et</strong></span> <span class='ocrx_word' id='word_1_246' title='bbox 1221 2375 1291 2440; x_wconf 74' lang='grc' dir='ltr'><strong><em>εἰοο,</em></strong></span> 
     </span>
     <span class='ocr_line' id='line_1_27' title="bbox 189 2439 1290 2515; baseline 0.004 -21"><span class='ocrx_word' id='word_1_247' title='bbox 189 2441 334 2495; x_wconf 80' lang='lat' dir='ltr'><strong>destinetur</strong></span> <span class='ocrx_word' id='word_1_248' title='bbox 352 2449 407 2511; x_wconf 76' lang='lat' dir='ltr'><strong>est3</strong></span> <span class='ocrx_word' id='word_1_249' title='bbox 423 2444 508 2515; x_wconf 88' lang='lat' dir='ltr'><strong>litque</strong></span> <span class='ocrx_word' id='word_1_250' title='bbox 524 2459 555 2498; x_wconf 83' lang='lat' dir='ltr'><strong>es</strong></span> <span class='ocrx_word' id='word_1_251' title='bbox 572 2443 662 2499; x_wconf 88' lang='lat' dir='ltr'><strong>missae</strong></span> <span class='ocrx_word' id='word_1_252' title='bbox 677 2447 769 2515; x_wconf 89' lang='lat' dir='ltr'><strong>parte,</strong></span> <span class='ocrx_word' id='word_1_253' title='bbox 787 2457 854 2512; x_wconf 86' lang='lat' dir='ltr'><strong>quae</strong></span> <span class='ocrx_word' id='word_1_254' title='bbox 870 2439 943 2494; x_wconf 91' lang='lat' dir='ltr'><strong>nobis</strong></span> <span class='ocrx_word' id='word_1_255' title='bbox 962 2441 1096 2510; x_wconf 73' lang='lat' dir='ltr'><strong>evangelio</strong></span> <span class='ocrx_word' id='word_1_256' title='bbox 1111 2443 1180 2496; x_wconf 86' lang='lat' dir='ltr'><strong>lecto</strong></span> <span class='ocrx_word' id='word_1_257' title='bbox 1198 2443 1290 2498; x_wconf 83' lang='lat' dir='ltr'><strong>dieitur</strong></span> 
     </span>
     <span class='ocr_line' id='line_1_28' title="bbox 190 2511 574 2573; baseline 0 -9"><span class='ocrx_word' id='word_1_258' title='bbox 190 2529 205 2564; x_wconf 86' lang='grc' dir='ltr'><strong><em>ο</em></strong></span> <span class='ocrx_word' id='word_1_259' title='bbox 228 2511 361 2572; x_wconf 72' lang='lat' dir='ltr'><strong>morium.</strong></span> <span class='ocrx_word' id='word_1_260' title='bbox 571 2567 574 2573; x_wconf 70' lang='grc'><strong><em>,</em></strong></span> 
     </span>
     <span class='ocr_line' id='line_1_29' title="bbox 188 2513 1292 2650; baseline 0.001 -20"><span class='ocrx_word' id='word_1_261' title='bbox 188 2513 231 2643; x_wconf 46' lang='grc' dir='ltr'><em>ἰ</em></span> <span class='ocrx_word' id='word_1_262' title='bbox 261 2579 325 2638; x_wconf 81' lang='lat' dir='ltr'><strong>iiid.</strong></span> <span class='ocrx_word' id='word_1_263' title='bbox 357 2573 461 2650; x_wconf 71' lang='grc' dir='ltr'><strong><em>ὕμνον]</em></strong></span> <span class='ocrx_word' id='word_1_264' title='bbox 478 2581 585 2650; x_wconf 88' lang='lat' dir='ltr'><strong>hymnus</strong></span> <span class='ocrx_word' id='word_1_265' title='bbox 600 2579 645 2632; x_wconf 92' lang='lat' dir='ltr'><strong>ille</strong></span> <span class='ocrx_word' id='word_1_266' title='bbox 662 2575 821 2632; x_wconf 84' lang='lat' dir='ltr'><strong>Cherubicus</strong></span> <span class='ocrx_word' id='word_1_267' title='bbox 844 2581 900 2641; x_wconf 91' lang='lat' dir='ltr'><strong>est,</strong></span> <span class='ocrx_word' id='word_1_268' title='bbox 923 2577 1084 2647; x_wconf 80' lang='lat' dir='ltr'><strong>offertorium</strong></span> <span class='ocrx_word' id='word_1_269' title='bbox 1108 2593 1197 2630; x_wconf 86' lang='lat' dir='ltr'><strong>rursus</strong></span> <span class='ocrx_word' id='word_1_270' title='bbox 1215 2578 1292 2632; x_wconf 83' lang='lat' dir='ltr'><strong>Lati-</strong></span> 
     </span>
     <span class='ocr_line' id='line_1_30' title="bbox 189 2645 1290 2720; baseline 0.001 -20"><span class='ocrx_word' id='word_1_271' title='bbox 189 2645 230 2700; x_wconf 89' lang='lat' dir='ltr'><strong>nis</strong></span> <span class='ocrx_word' id='word_1_272' title='bbox 246 2647 408 2715; x_wconf 83' lang='lat' dir='ltr'><strong>vocandum,</strong></span> <span class='ocrx_word' id='word_1_273' title='bbox 424 2649 491 2720; x_wconf 81' lang='lat' dir='ltr'><strong>quod</strong></span> <span class='ocrx_word' id='word_1_274' title='bbox 509 2649 567 2703; x_wconf 88' lang='lat' dir='ltr'><strong>dnm</strong></span> <span class='ocrx_word' id='word_1_275' title='bbox 583 2647 686 2701; x_wconf 87' lang='lat' dir='ltr'><strong>oblatae</strong></span> <span class='ocrx_word' id='word_1_276' title='bbox 703 2645 901 2700; x_wconf 79' lang='lat' dir='ltr'><strong>deferunturad</strong></span> <span class='ocrx_word' id='word_1_277' title='bbox 924 2649 1020 2711; x_wconf 87' lang='lat' dir='ltr'><strong>altare,</strong></span> <span class='ocrx_word' id='word_1_278' title='bbox 1037 2651 1171 2714; x_wconf 68' lang='lat' dir='ltr'><strong>emnam,</strong></span> <span class='ocrx_word' id='word_1_279' title='bbox 1188 2647 1222 2700; x_wconf 89' lang='lat' dir='ltr'><strong>de</strong></span> <span class='ocrx_word' id='word_1_280' title='bbox 1238 2650 1290 2718; x_wconf 74' lang='grc' dir='ltr'><strong>(μορ</strong></span> 
     </span>
     <span class='ocr_line' id='line_1_31' title="bbox 190 2713 1041 2787; baseline -0.001 -17"><span class='ocrx_word' id='word_1_281' title='bbox 190 2715 319 2783; x_wconf 76' lang='lat' dir='ltr'><strong>Alanus,</strong></span> <span class='ocrx_word' id='word_1_282' title='bbox 336 2717 475 2780; x_wconf 77' lang='lat' dir='ltr'><strong>Arcadius,</strong></span> <span class='ocrx_word' id='word_1_283' title='bbox 492 2716 594 2786; x_wconf 81' lang='lat' dir='ltr'><strong>liturgia</strong></span> <span class='ocrx_word' id='word_1_284' title='bbox 610 2713 789 2787; x_wconf 79' lang='lat' dir='ltr'><strong>chrysostomi</strong></span> <span class='ocrx_word' id='word_1_285' title='bbox 802 2719 831 2767; x_wconf 90' lang='lat' dir='ltr'><strong>et</strong></span> <span class='ocrx_word' id='word_1_286' title='bbox 845 2714 1041 2784; x_wconf 77' lang='lat' dir='ltr'><strong>Enchologium.</strong></span> 
     </span>
    </p>
   </div>
   <div class='ocr_carea' id='block_1_7' title="bbox 191 2793 1291 3144">
    <p class='ocr_par' dir='ltr' id='par_1_7' title="bbox 191 2793 1291 3144">
     <span class='ocr_line' id='line_1_32' title="bbox 263 2793 1289 2884; baseline -0.003 -29"><span class='ocrx_word' id='word_1_287' title='bbox 263 2801 300 2856; x_wconf 84' lang='lat' dir='ltr'><strong>ib.</strong></span> <span class='ocrx_word' id='word_1_288' title='bbox 319 2819 344 2857; x_wconf 82' lang='lat' dir='ltr'><strong>r.</strong></span> <span class='ocrx_word' id='word_1_289' title='bbox 355 2805 397 2858; x_wconf 78' lang='lat'><strong>18.</strong></span> <span class='ocrx_word' id='word_1_290' title='bbox 413 2797 562 2871; x_wconf 72' lang='grc' dir='ltr'><strong><em>πρόθεσιν]</em></strong></span> <span class='ocrx_word' id='word_1_291' title='bbox 585 2802 666 2856; x_wconf 84' lang='lat' dir='ltr'><strong>altare</strong></span> <span class='ocrx_word' id='word_1_292' title='bbox 689 2802 863 2865; x_wconf 82' lang='lat' dir='ltr'><strong>Graecorum,</strong></span> <span class='ocrx_word' id='word_1_293' title='bbox 884 2793 966 2869; x_wconf 74' lang='grc' dir='ltr'><strong><em>ἅγιον</em></strong></span> <span class='ocrx_word' id='word_1_294' title='bbox 991 2800 1068 2884; x_wconf 65' lang='grc' dir='ltr'><strong>βῆμα</strong></span> <span class='ocrx_word' id='word_1_295' title='bbox 1089 2798 1168 2868; x_wconf 78' lang='lat' dir='ltr'><strong>vulgo</strong></span> <span class='ocrx_word' id='word_1_296' title='bbox 1185 2800 1289 2865; x_wconf 86' lang='lat' dir='ltr'><strong>dietam,</strong></span> 
     </span>
     <span class='ocr_line' id='line_1_33' title="bbox 191 2867 1289 2944; baseline -0.003 -20"><span class='ocrx_word' id='word_1_297' title='bbox 191 2885 209 2924; x_wconf 88' lang='lat' dir='ltr'><strong>a</strong></span> <span class='ocrx_word' id='word_1_298' title='bbox 229 2870 330 2940; x_wconf 84' lang='lat' dir='ltr'><strong>relique</strong></span> <span class='ocrx_word' id='word_1_299' title='bbox 354 2870 447 2942; x_wconf 88' lang='lat' dir='ltr'><strong>templo</strong></span> <span class='ocrx_word' id='word_1_300' title='bbox 468 2877 589 2944; x_wconf 86' lang='lat' dir='ltr'><strong>separant</strong></span> <span class='ocrx_word' id='word_1_301' title='bbox 612 2869 745 2940; x_wconf 69' lang='grc' dir='ltr'><strong><em>κίγιλιδες</em></strong></span> <span class='ocrx_word' id='word_1_302' title='bbox 763 2869 874 2922; x_wconf 72' lang='lat' dir='ltr'><strong>amelli</strong></span> <span class='ocrx_word' id='word_1_303' title='bbox 896 2871 941 2923; x_wconf 80' lang='lat' dir='ltr'><strong>vel</strong></span> <span class='ocrx_word' id='word_1_304' title='bbox 965 2873 1040 2923; x_wconf 86' lang='lat' dir='ltr'><strong>atram</strong></span> <span class='ocrx_word' id='word_1_305' title='bbox 1061 2867 1144 2923; x_wconf 88' lang='lat' dir='ltr'><strong>solida</strong></span> <span class='ocrx_word' id='word_1_306' title='bbox 1165 2869 1289 2930; x_wconf 85' lang='lat' dir='ltr'><strong>tabulata,</strong></span> 
     </span>
     <span class='ocr_line' id='line_1_34' title="bbox 192 2938 1289 3009; baseline -0.001 -18"><span class='ocrx_word' id='word_1_307' title='bbox 192 2949 273 3008; x_wconf 87' lang='lat' dir='ltr'><strong>prout</strong></span> <span class='ocrx_word' id='word_1_308' title='bbox 287 2941 314 2992; x_wconf 91' lang='lat' dir='ltr'><strong>in</strong></span> <span class='ocrx_word' id='word_1_309' title='bbox 332 2940 445 2994; x_wconf 87' lang='lat' dir='ltr'><strong>ecclesiis</strong></span> <span class='ocrx_word' id='word_1_310' title='bbox 467 2940 561 2995; x_wconf 72' lang='lat' dir='ltr'><strong>nostris</strong></span> <span class='ocrx_word' id='word_1_311' title='bbox 583 2939 634 2994; x_wconf 85' lang='lat' dir='ltr'><strong>alia</strong></span> <span class='ocrx_word' id='word_1_312' title='bbox 657 2943 732 3009; x_wconf 87' lang='lat' dir='ltr'><strong>septa</strong></span> <span class='ocrx_word' id='word_1_313' title='bbox 752 2954 883 2991; x_wconf 84' lang='lat' dir='ltr'><strong>sacrorum</strong></span> <span class='ocrx_word' id='word_1_314' title='bbox 898 2938 1011 2992; x_wconf 83' lang='lat' dir='ltr'><strong>virorum</strong></span> <span class='ocrx_word' id='word_1_315' title='bbox 1028 2938 1132 2991; x_wconf 87' lang='lat' dir='ltr'><strong>chorum</strong></span> <span class='ocrx_word' id='word_1_316' title='bbox 1155 2953 1172 2990; x_wconf 86' lang='lat' dir='ltr'><strong>s</strong></span> <span class='ocrx_word' id='word_1_317' title='bbox 1195 2939 1289 3007; x_wconf 82' lang='lat' dir='ltr'><strong>populo</strong></span> 
     </span>
     <span class='ocr_line' id='line_1_35' title="bbox 193 3007 1291 3080; baseline -0.001 -20"><span class='ocrx_word' id='word_1_318' title='bbox 193 3007 312 3060; x_wconf 89' lang='lat' dir='ltr'><strong>dividunt</strong></span> <span class='ocrx_word' id='word_1_319' title='bbox 333 3011 481 3078; x_wconf 77' lang='lat' dir='ltr'><strong>augustiora</strong></span> <span class='ocrx_word' id='word_1_320' title='bbox 504 3017 586 3080; x_wconf 87' lang='lat' dir='ltr'><strong>septa.</strong></span> <span class='ocrx_word' id='word_1_321' title='bbox 610 3009 636 3062; x_wconf 89' lang='lat' dir='ltr'><strong>in</strong></span> <span class='ocrx_word' id='word_1_322' title='bbox 656 3014 804 3060; x_wconf 71' lang='lat' dir='ltr'><strong>transvmw</strong></span> <span class='ocrx_word' id='word_1_323' title='bbox 828 3007 872 3059; x_wconf 89' lang='lat' dir='ltr'><strong>illo</strong></span> <span class='ocrx_word' id='word_1_324' title='bbox 895 3007 1012 3060; x_wconf 87' lang='lat' dir='ltr'><strong>tabulato</strong></span> <span class='ocrx_word' id='word_1_325' title='bbox 1033 3013 1089 3061; x_wconf 89' lang='lat' dir='ltr'><strong>tres</strong></span> <span class='ocrx_word' id='word_1_326' title='bbox 1108 3012 1199 3076; x_wconf 80' lang='lat' dir='ltr'><strong>portae</strong></span> <span class='ocrx_word' id='word_1_327' title='bbox 1221 3013 1291 3072; x_wconf 57' lang='lat' dir='ltr'><strong>sunt</strong></span> 
     </span>
     <span class='ocr_line' id='line_1_36' title="bbox 193 3070 1289 3144; baseline -0.001 -16"><span class='ocrx_word' id='word_1_328' title='bbox 193 3075 279 3128; x_wconf 85' lang='lat' dir='ltr'><strong>media</strong></span> <span class='ocrx_word' id='word_1_329' title='bbox 288 3076 384 3144; x_wconf 87' lang='lat' dir='ltr'><strong>maior,</strong></span> <span class='ocrx_word' id='word_1_330' title='bbox 399 3078 463 3130; x_wconf 82' lang='lat' dir='ltr'><strong>eliae</strong></span> <span class='ocrx_word' id='word_1_331' title='bbox 473 3079 622 3132; x_wconf 84' lang='lat' dir='ltr'><strong>alateribua</strong></span> <span class='ocrx_word' id='word_1_332' title='bbox 635 3077 753 3134; x_wconf 89' lang='lat' dir='ltr'><strong>minores.</strong></span> <span class='ocrx_word' id='word_1_333' title='bbox 771 3075 879 3128; x_wconf 78' lang='lat' dir='ltr'><strong>mediam</strong></span> <span class='ocrx_word' id='word_1_334' title='bbox 895 3071 962 3144; x_wconf 75' lang='grc' dir='ltr'><strong><em>ἅγιοι</em></strong></span> <span class='ocrx_word' id='word_1_335' title='bbox 978 3070 1067 3142; x_wconf 71' lang='lat' dir='ltr'><strong>dipsa</strong></span> <span class='ocrx_word' id='word_1_336' title='bbox 1083 3075 1170 3128; x_wconf 87' lang='lat' dir='ltr'><strong>dieunt</strong></span> <span class='ocrx_word' id='word_1_337' title='bbox 1180 3075 1289 3142; x_wconf 79' lang='lat' dir='ltr'><strong>Graeci,</strong></span> 
     </span>
    </p>
   </div>
   <div class='ocr_carea' id='block_1_8' title="bbox 193 3139 1382 3214">
    <p class='ocr_par' dir='ltr' id='par_1_8' title="bbox 193 3139 1382 3214">
     <span class='ocr_line' id='line_1_37' title="bbox 193 3139 1382 3214; baseline -0.002 -17"><span class='ocrx_word' id='word_1_338' title='bbox 193 3139 279 3212; x_wconf 74' lang='grc' dir='ltr'><strong><em>ἀμίας</em></strong></span> <span class='ocrx_word' id='word_1_339' title='bbox 291 3141 392 3213; x_wconf 78' lang='grc' dir='ltr'><strong><em>πύλας,</em></strong></span> <span class='ocrx_word' id='word_1_340' title='bbox 416 3142 498 3214; x_wconf 71' lang='grc' dir='ltr'><strong><em>ἀμίας</em></strong></span> <span class='ocrx_word' id='word_1_341' title='bbox 519 3142 611 3212; x_wconf 77' lang='grc' dir='ltr'><strong><em>θύρας</em></strong></span> <span class='ocrx_word' id='word_1_342' title='bbox 635 3153 687 3201; x_wconf 81' lang='lat' dir='ltr'><strong>etc.</strong></span> <span class='ocrx_word' id='word_1_343' title='bbox 708 3161 724 3198; x_wconf 88' lang='lat' dir='ltr'><strong>a</strong></span> <span class='ocrx_word' id='word_1_344' title='bbox 740 3143 889 3197; x_wconf 82' lang='lat' dir='ltr'><strong>lateralibus</strong></span> <span class='ocrx_word' id='word_1_345' title='bbox 905 3145 1053 3212; x_wconf 86' lang='lat' dir='ltr'><strong>dexteram,</strong></span> <span class='ocrx_word' id='word_1_346' title='bbox 1070 3142 1113 3194; x_wconf 87' lang='lat' dir='ltr'><strong>ubi</strong></span> <span class='ocrx_word' id='word_1_347' title='bbox 1129 3141 1293 3198; x_wconf 71' lang='grc' dir='ltr'><strong><em>διακονικὸν</em></strong></span> <span class='ocrx_word' id='word_1_348' title='bbox 1380 3192 1382 3195; x_wconf 81' lang='grc'>,</span> 
     </span>
    </p>
   </div>
   <div class='ocr_carea' id='block_1_9' title="bbox 196 3208 1291 3347">
    <p class='ocr_par' dir='ltr' id='par_1_9' title="bbox 196 3208 1291 3347">
     <span class='ocr_line' id='line_1_38' title="bbox 196 3208 1291 3295; baseline 0.001 -31"><span class='ocrx_word' id='word_1_349' title='bbox 196 3221 253 3295; x_wconf 79' lang='grc' dir='ltr'><strong><em>εει,</em></strong></span> <span class='ocrx_word' id='word_1_350' title='bbox 270 3208 364 3267; x_wconf 78' lang='grc' dir='ltr'><strong><em>νότιον</em></strong></span> <span class='ocrx_word' id='word_1_351' title='bbox 379 3209 479 3282; x_wconf 72' lang='grc' dir='ltr'><strong><em>μέρος,</em></strong></span> <span class='ocrx_word' id='word_1_352' title='bbox 502 3215 628 3268; x_wconf 88' lang='lat' dir='ltr'><strong>sinistram</strong></span> <span class='ocrx_word' id='word_1_353' title='bbox 646 3209 758 3283; x_wconf 79' lang='grc' dir='ltr'><strong><em>βόρειον</em></strong></span> <span class='ocrx_word' id='word_1_354' title='bbox 803 3211 881 3294; x_wconf 73' lang='grc' dir='ltr'><strong><em>ε’ρος,</em></strong></span> <span class='ocrx_word' id='word_1_355' title='bbox 897 3230 946 3266; x_wconf 88' lang='lat' dir='ltr'><strong>nec</strong></span> <span class='ocrx_word' id='word_1_356' title='bbox 960 3229 1012 3266; x_wconf 87' lang='lat' dir='ltr'><strong>aon</strong></span> <span class='ocrx_word' id='word_1_357' title='bbox 1035 3211 1173 3279; x_wconf 76' lang='grc' dir='ltr'><strong><em>πρόθεσιν</em></strong></span> <span class='ocrx_word' id='word_1_358' title='bbox 1189 3218 1291 3266; x_wconf 75' lang='lat' dir='ltr'><strong>vomat.</strong></span> 
     </span>
     <span class='ocr_line' id='line_1_39' title="bbox 196 3279 1290 3347; baseline 0.001 -16"><span class='ocrx_word' id='word_1_359' title='bbox 196 3282 331 3346; x_wconf 71' lang='grc' dir='ltr'><strong><em>προθεοις</em></strong></span> <span class='ocrx_word' id='word_1_360' title='bbox 348 3282 446 3335; x_wconf 90' lang='lat' dir='ltr'><strong>demum</strong></span> <span class='ocrx_word' id='word_1_361' title='bbox 463 3299 549 3335; x_wconf 88' lang='lat' dir='ltr'><strong>mensa</strong></span> <span class='ocrx_word' id='word_1_362' title='bbox 565 3291 605 3336; x_wconf 85' lang='lat' dir='ltr'><strong>est</strong></span> <span class='ocrx_word' id='word_1_363' title='bbox 620 3282 663 3334; x_wconf 91' lang='lat' dir='ltr'><strong>ubi</strong></span> <span class='ocrx_word' id='word_1_364' title='bbox 680 3298 754 3334; x_wconf 84' lang='lat' dir='ltr'><strong>sacra</strong></span> <span class='ocrx_word' id='word_1_365' title='bbox 789 3297 838 3332; x_wconf 86' lang='lat' dir='ltr'><strong>ona</strong></span> <span class='ocrx_word' id='word_1_366' title='bbox 854 3297 882 3332; x_wconf 84' lang='lat' dir='ltr'><strong>sn</strong></span> <span class='ocrx_word' id='word_1_367' title='bbox 905 3281 982 3334; x_wconf 87' lang='lat' dir='ltr'><strong>missa</strong></span> <span class='ocrx_word' id='word_1_368' title='bbox 1003 3279 1177 3334; x_wconf 85' lang='lat' dir='ltr'><strong>consecranda</strong></span> <span class='ocrx_word' id='word_1_369' title='bbox 1195 3280 1290 3347; x_wconf 77' lang='grc' dir='ltr'><strong><em>προτί-</em></strong></span> 
     </span>
    </p>
   </div>
   <div class='ocr_carea' id='block_1_10' title="bbox 195 3348 1398 3430">
    <p class='ocr_par' dir='ltr' id='par_1_10' title="bbox 195 3348 1398 3430">
     <span class='ocr_line' id='line_1_40' title="bbox 195 3348 1398 3430; baseline -0.001 -29"><span class='ocrx_word' id='word_1_370' title='bbox 195 3351 297 3402; x_wconf 76' lang='grc' dir='ltr'><strong><em>θενται</em></strong></span> <span class='ocrx_word' id='word_1_371' title='bbox 320 3353 404 3420; x_wconf 83' lang='lat' dir='ltr'><strong>primo</strong></span> <span class='ocrx_word' id='word_1_372' title='bbox 426 3359 621 3421; x_wconf 79' lang='lat' dir='ltr'><strong>proponantur,</strong></span> <span class='ocrx_word' id='word_1_373' title='bbox 648 3354 675 3402; x_wconf 90' lang='lat' dir='ltr'><strong>et</strong></span> <span class='ocrx_word' id='word_1_374' title='bbox 696 3355 757 3403; x_wconf 91' lang='lat' dir='ltr'><strong>ante</strong></span> <span class='ocrx_word' id='word_1_375' title='bbox 778 3349 872 3401; x_wconf 89' lang='lat' dir='ltr'><strong>missae</strong></span> <span class='ocrx_word' id='word_1_376' title='bbox 894 3348 1044 3430; x_wconf 72' lang='lat' dir='ltr'><strong>principium</strong></span> <span class='ocrx_word' id='word_1_377' title='bbox 1066 3365 1083 3402; x_wconf 92' lang='lat' dir='ltr'><strong>a</strong></span> <span class='ocrx_word' id='word_1_378' title='bbox 1106 3348 1242 3402; x_wconf 86' lang='lat' dir='ltr'><strong>sacerdote</strong></span> <span class='ocrx_word' id='word_1_379' title='bbox 1264 3353 1294 3402; x_wconf 88' lang='lat' dir='ltr'><strong>et</strong></span> <span class='ocrx_word' id='word_1_380' title='bbox 1396 3392 1398 3400; x_wconf 51' lang='lat'><strong>.</strong></span> 
     </span>
    </p>
   </div>
   <div class='ocr_carea' id='block_1_11' title="bbox 195 3415 1291 3549">
    <p class='ocr_par' dir='ltr' id='par_1_11' title="bbox 195 3415 1291 3549">
     <span class='ocr_line' id='line_1_41' title="bbox 195 3415 1291 3488; baseline 0.004 -20"><span class='ocrx_word' id='word_1_381' title='bbox 195 3417 303 3470; x_wconf 86' lang='lat' dir='ltr'><strong>diacono</strong></span> <span class='ocrx_word' id='word_1_382' title='bbox 319 3425 471 3488; x_wconf 86' lang='lat' dir='ltr'><strong>praeparata</strong></span> <span class='ocrx_word' id='word_1_383' title='bbox 486 3420 521 3474; x_wconf 86' lang='lat' dir='ltr'><strong>ad</strong></span> <span class='ocrx_word' id='word_1_384' title='bbox 537 3417 698 3473; x_wconf 68' lang='lat' dir='ltr'><strong>dilatoriam</strong></span> <span class='ocrx_word' id='word_1_385' title='bbox 713 3433 794 3486; x_wconf 76' lang='lat' dir='ltr'><strong>nuque</strong></span> <span class='ocrx_word' id='word_1_386' title='bbox 810 3426 976 3487; x_wconf 85' lang='lat' dir='ltr'><strong>reponuntur.</strong></span> <span class='ocrx_word' id='word_1_387' title='bbox 991 3417 1050 3471; x_wconf 81' lang='lat' dir='ltr'><strong>hine</strong></span> <span class='ocrx_word' id='word_1_388' title='bbox 1065 3415 1093 3475; x_wconf 82' lang='lat' dir='ltr'><strong>ei</strong></span> <span class='ocrx_word' id='word_1_389' title='bbox 1108 3431 1210 3487; x_wconf 84' lang='lat' dir='ltr'><strong>qnoque</strong></span> <span class='ocrx_word' id='word_1_390' title='bbox 1221 3435 1291 3488; x_wconf 81' lang='grc' dir='ltr'><strong><em>προ-</em></strong></span> 
     </span>
     <span class='ocr_line' id='line_1_42' title="bbox 196 3479 416 3549; baseline 0 -7"><span class='ocrx_word' id='word_1_391' title='bbox 196 3479 303 3549; x_wconf 71' lang='grc' dir='ltr'><strong><em>θέσεως</em></strong></span> <span class='ocrx_word' id='word_1_392' title='bbox 317 3503 416 3542; x_wconf 85' lang='lat' dir='ltr'><strong>nomen.</strong></span> 
     </span>
    </p>
   </div>
   <div class='ocr_carea' id='block_1_12' title="bbox 198 3567 1295 4157">
    <p class='ocr_par' dir='ltr' id='par_1_12' title="bbox 267 3567 999 3643">
     <span class='ocr_line' id='line_1_43' title="bbox 267 3567 999 3643; baseline 0.001 -19"><span class='ocrx_word' id='word_1_393' title='bbox 267 3573 331 3626; x_wconf 84' lang='lat' dir='ltr'><strong>idid.</strong></span> <span class='ocrx_word' id='word_1_394' title='bbox 364 3567 401 3626; x_wconf 84' lang='lat' dir='ltr'><strong>soi</strong></span> <span class='ocrx_word' id='word_1_395' title='bbox 416 3567 493 3643; x_wconf 73' lang='grc' dir='ltr'><strong>ἅμα]</strong></span> <span class='ocrx_word' id='word_1_396' title='bbox 509 3572 622 3642; x_wconf 78' lang='lat' dir='ltr'><strong>intellige</strong></span> <span class='ocrx_word' id='word_1_397' title='bbox 638 3569 735 3640; x_wconf 76' lang='grc' dir='ltr'><strong><em>δῶρα,</em></strong></span> <span class='ocrx_word' id='word_1_398' title='bbox 751 3586 844 3640; x_wconf 83' lang='lat' dir='ltr'><strong>panem</strong></span> <span class='ocrx_word' id='word_1_399' title='bbox 859 3572 887 3624; x_wconf 87' lang='lat' dir='ltr'><strong>et</strong></span> <span class='ocrx_word' id='word_1_400' title='bbox 903 3568 999 3625; x_wconf 86' lang='lat' dir='ltr'><strong>riuum.</strong></span> 
     </span>
    </p>

    <p class='ocr_par' dir='ltr' id='par_1_13' title="bbox 198 3652 1295 4001">
     <span class='ocr_line' id='line_1_44' title="bbox 266 3652 1295 3728; baseline -0.002 -18"><span class='ocrx_word' id='word_1_401' title='bbox 266 3659 301 3710; x_wconf 84' lang='lat' dir='ltr'><strong>ib.</strong></span> <span class='ocrx_word' id='word_1_402' title='bbox 318 3676 344 3711; x_wconf 83' lang='lat' dir='ltr'><strong>v.</strong></span> <span class='ocrx_word' id='word_1_403' title='bbox 358 3660 400 3712; x_wconf 86' lang='lat'><strong>19.</strong></span> <span class='ocrx_word' id='word_1_404' title='bbox 417 3652 542 3728; x_wconf 78' lang='grc' dir='ltr'><strong><em>μανᾶύοις</em></strong></span> <span class='ocrx_word' id='word_1_405' title='bbox 564 3657 666 3726; x_wconf 82' lang='lat' dir='ltr'><strong>sagium</strong></span> <span class='ocrx_word' id='word_1_406' title='bbox 683 3656 795 3725; x_wconf 83' lang='lat' dir='ltr'><strong>pallians</strong></span> <span class='ocrx_word' id='word_1_407' title='bbox 819 3659 874 3722; x_wconf 88' lang='lat' dir='ltr'><strong>est,</strong></span> <span class='ocrx_word' id='word_1_408' title='bbox 898 3659 926 3708; x_wconf 85' lang='lat' dir='ltr'><strong>at</strong></span> <span class='ocrx_word' id='word_1_409' title='bbox 947 3654 969 3708; x_wconf 90' lang='lat' dir='ltr'><strong>si</strong></span> <span class='ocrx_word' id='word_1_410' title='bbox 991 3654 1073 3709; x_wconf 80' lang='lat' dir='ltr'><strong>maris</strong></span> <span class='ocrx_word' id='word_1_411' title='bbox 1093 3655 1224 3724; x_wconf 65' lang='lat' dir='ltr'><strong>abimum</strong></span> <span class='ocrx_word' id='word_1_412' title='bbox 1244 3652 1295 3708; x_wconf 88' lang='lat' dir='ltr'><strong>nisi</strong></span> 
     </span>
     <span class='ocr_line' id='line_1_45' title="bbox 198 3722 1294 3794; baseline 0 -18"><span class='ocrx_word' id='word_1_413' title='bbox 198 3726 268 3794; x_wconf 84' lang='lat' dir='ltr'><strong>quod</strong></span> <span class='ocrx_word' id='word_1_414' title='bbox 292 3727 405 3794; x_wconf 79' lang='lat' dir='ltr'><strong>chlamys</strong></span> <span class='ocrx_word' id='word_1_415' title='bbox 428 3725 547 3794; x_wconf 84' lang='lat' dir='ltr'><strong>brevior,</strong></span> <span class='ocrx_word' id='word_1_416' title='bbox 573 3733 600 3778; x_wconf 92' lang='lat' dir='ltr'><strong>et</strong></span> <span class='ocrx_word' id='word_1_417' title='bbox 623 3725 726 3778; x_wconf 84' lang='lat' dir='ltr'><strong>humero</strong></span> <span class='ocrx_word' id='word_1_418' title='bbox 750 3724 843 3778; x_wconf 85' lang='lat' dir='ltr'><strong>dextro</strong></span> <span class='ocrx_word' id='word_1_419' title='bbox 871 3722 951 3776; x_wconf 85' lang='lat' dir='ltr'><strong>fibula</strong></span> <span class='ocrx_word' id='word_1_420' title='bbox 979 3725 1023 3776; x_wconf 86' lang='lat' dir='ltr'><strong>vel</strong></span> <span class='ocrx_word' id='word_1_421' title='bbox 1045 3723 1113 3778; x_wconf 88' lang='lat' dir='ltr'><strong>nodo</strong></span> <span class='ocrx_word' id='word_1_422' title='bbox 1139 3730 1294 3791; x_wconf 75' lang='lat' dir='ltr'><strong>necteretur,</strong></span> 
     </span>
     <span class='ocr_line' id='line_1_46' title="bbox 198 3790 1295 3878; baseline -0.004 -31"><span class='ocrx_word' id='word_1_423' title='bbox 198 3793 320 3878; x_wconf 79' lang='lat' dir='ltr'><strong>mandyas</strong></span> <span class='ocrx_word' id='word_1_424' title='bbox 337 3794 503 3878; x_wconf 45' lang='lat' dir='ltr'><strong>longipr,·ad</strong></span> <span class='ocrx_word' id='word_1_425' title='bbox 520 3800 610 3878; x_wconf 88' lang='lat' dir='ltr'><strong>pectus</strong></span> <span class='ocrx_word' id='word_1_426' title='bbox 628 3793 737 3876; x_wconf 71' lang='lat' dir='ltr'><strong>collique</strong></span> <span class='ocrx_word' id='word_1_427' title='bbox 752 3793 864 3876; x_wconf 68' lang='lat' dir='ltr'><strong>radicem</strong></span> <span class='ocrx_word' id='word_1_428' title='bbox 886 3790 1047 3875; x_wconf 57' lang='lat' dir='ltr'><strong>anteriorem:</strong></span> <span class='ocrx_word' id='word_1_429' title='bbox 1066 3800 1141 3876; x_wconf 73' lang='lat' dir='ltr'><strong>totns</strong></span> <span class='ocrx_word' id='word_1_430' title='bbox 1162 3792 1295 3860; x_wconf 81' lang='lat' dir='ltr'><strong>Phrygio-</strong></span> 
     </span>
     <span class='ocr_line' id='line_1_47' title="bbox 199 3861 1294 3933; baseline -0.002 -18"><span class='ocrx_word' id='word_1_431' title='bbox 199 3879 240 3916; x_wconf 88' lang='lat' dir='ltr'><strong>ms</strong></span> <span class='ocrx_word' id='word_1_432' title='bbox 256 3879 335 3933; x_wconf 89' lang='lat' dir='ltr'><strong>opera</strong></span> <span class='ocrx_word' id='word_1_433' title='bbox 351 3879 427 3916; x_wconf 80' lang='lat' dir='ltr'><strong>ramis</strong></span> <span class='ocrx_word' id='word_1_434' title='bbox 445 3863 596 3933; x_wconf 76' lang='lat' dir='ltr'><strong>arcirlrsque</strong></span> <span class='ocrx_word' id='word_1_435' title='bbox 612 3878 696 3916; x_wconf 78' lang='lat' dir='ltr'><strong>aureis</strong></span> <span class='ocrx_word' id='word_1_436' title='bbox 702 3903 712 3930; x_wconf 90' lang='lat'><strong>,</strong></span> <span class='ocrx_word' id='word_1_437' title='bbox 729 3862 757 3916; x_wconf 93' lang='lat' dir='ltr'><strong>in</strong></span> <span class='ocrx_word' id='word_1_438' title='bbox 774 3863 866 3933; x_wconf 77' lang='lat' dir='ltr'><strong>quibus</strong></span> <span class='ocrx_word' id='word_1_439' title='bbox 881 3861 982 3931; x_wconf 75' lang='lat' dir='ltr'><strong>aquilae</strong></span> <span class='ocrx_word' id='word_1_440' title='bbox 997 3861 1116 3932; x_wconf 85' lang='lat' dir='ltr'><strong>brorprtea</strong></span> <span class='ocrx_word' id='word_1_441' title='bbox 1128 3861 1217 3916; x_wconf 85' lang='lat' dir='ltr'><strong>endem</strong></span> <span class='ocrx_word' id='word_1_442' title='bbox 1228 3877 1294 3914; x_wconf 87' lang='lat' dir='ltr'><strong>auro</strong></span> 
     </span>
     <span class='ocr_line' id='line_1_48' title="bbox 199 3931 596 4001; baseline 0.003 -18"><span class='ocrx_word' id='word_1_443' title='bbox 199 3933 398 3997; x_wconf 79' lang='lat' dir='ltr'><strong>extuberantes,</strong></span> <span class='ocrx_word' id='word_1_444' title='bbox 415 3931 530 4001; x_wconf 89' lang='lat' dir='ltr'><strong>depictus</strong></span> <span class='ocrx_word' id='word_1_445' title='bbox 548 3937 596 3984; x_wconf 73' lang='lat' dir='ltr'><strong>est.</strong></span> 
     </span>
    </p>

    <p class='ocr_par' dir='ltr' id='par_1_14' title="bbox 201 4009 1295 4157">
     <span class='ocr_line' id='line_1_49' title="bbox 268 4009 1295 4084; baseline -0.003 -15"><span class='ocrx_word' id='word_1_446' title='bbox 268 4017 304 4072; x_wconf 84' lang='lat' dir='ltr'><strong>ib.</strong></span> <span class='ocrx_word' id='word_1_447' title='bbox 322 4034 349 4071; x_wconf 86' lang='lat' dir='ltr'><strong>v.</strong></span> <span class='ocrx_word' id='word_1_448' title='bbox 360 4019 404 4072; x_wconf 76' lang='lat'><strong>20.</strong></span> <span class='ocrx_word' id='word_1_449' title='bbox 421 4009 471 4068; x_wconf 77' lang='grc' dir='ltr'><strong>τὸν</strong></span> <span class='ocrx_word' id='word_1_450' title='bbox 486 4013 616 4084; x_wconf 82' lang='grc' dir='ltr'><strong><em>σιοορόν]</em></strong></span> <span class='ocrx_word' id='word_1_451' title='bbox 633 4013 731 4084; x_wconf 80' lang='lat' dir='ltr'><strong>virgam</strong></span> <span class='ocrx_word' id='word_1_452' title='bbox 748 4014 862 4070; x_wconf 84' lang='lat' dir='ltr'><strong>nimirum</strong></span> <span class='ocrx_word' id='word_1_453' title='bbox 879 4031 999 4084; x_wconf 85' lang='lat' dir='ltr'><strong>auream,</strong></span> <span class='ocrx_word' id='word_1_454' title='bbox 1021 4017 1049 4070; x_wconf 90' lang='lat' dir='ltr'><strong>in</strong></span> <span class='ocrx_word' id='word_1_455' title='bbox 1064 4015 1136 4069; x_wconf 86' lang='lat' dir='ltr'><strong>euius</strong></span> <span class='ocrx_word' id='word_1_456' title='bbox 1152 4011 1295 4066; x_wconf 87' lang='lat' dir='ltr'><strong>summitate</strong></span> 
     </span>
     <span class='ocr_line' id='line_1_50' title="bbox 201 4083 1145 4157; baseline -0.001 -21"><span class='ocrx_word' id='word_1_457' title='bbox 201 4099 264 4140; x_wconf 80' lang='lat' dir='ltr'><strong>crux</strong></span> <span class='ocrx_word' id='word_1_458' title='bbox 280 4102 358 4140; x_wconf 88' lang='lat' dir='ltr'><strong>aurea</strong></span> <span class='ocrx_word' id='word_1_459' title='bbox 374 4083 479 4154; x_wconf 77' lang='lat' dir='ltr'><strong>gemmis</strong></span> <span class='ocrx_word' id='word_1_460' title='bbox 495 4092 600 4148; x_wconf 77' lang='lat' dir='ltr'><strong>ornata,</strong></span> <span class='ocrx_word' id='word_1_461' title='bbox 621 4085 699 4153; x_wconf 79' lang='lat' dir='ltr'><strong>vulgo</strong></span> <span class='ocrx_word' id='word_1_462' title='bbox 716 4083 887 4152; x_wconf 68' lang='lat' dir='ltr'><strong>dinastiam</strong></span> <span class='ocrx_word' id='word_1_463' title='bbox 903 4085 937 4139; x_wconf 88' lang='lat' dir='ltr'><strong>ds</strong></span> <span class='ocrx_word' id='word_1_464' title='bbox 951 4102 1002 4157; x_wconf 88' lang='lat' dir='ltr'><strong>quo</strong></span> <span class='ocrx_word' id='word_1_465' title='bbox 1021 4085 1145 4156; x_wconf 83' lang='lat' dir='ltr'><strong>saperius.</strong></span> 
     </span>
    </p>
   </div>
   <div class='ocr_carea' id='block_1_13' title="bbox 203 4164 1296 4322">
    <p class='ocr_par' dir='ltr' id='par_1_15' title="bbox 203 4164 1296 4322">
     <span class='ocr_line' id='line_1_51' title="bbox 269 4164 1296 4254; baseline -0.001 -32"><span class='ocrx_word' id='word_1_466' title='bbox 269 4170 303 4223; x_wconf 89' lang='lat' dir='ltr'><strong>ib.</strong></span> <span class='ocrx_word' id='word_1_467' title='bbox 320 4189 345 4225; x_wconf 84' lang='lat' dir='ltr'><strong>v.</strong></span> <span class='ocrx_word' id='word_1_468' title='bbox 358 4173 402 4226; x_wconf 73' lang='grc'><strong>22.</strong></span> <span class='ocrx_word' id='word_1_469' title='bbox 418 4164 564 4254; x_wconf 66' lang='grc' dir='ltr'><strong>νάρθηκα]</strong></span> <span class='ocrx_word' id='word_1_470' title='bbox 579 4169 717 4238; x_wconf 61' lang='lat' dir='ltr'><strong>fadum,</strong></span> <span class='ocrx_word' id='word_1_471' title='bbox 736 4167 838 4237; x_wconf 78' lang='lat' dir='ltr'><strong>virgam</strong></span> <span class='ocrx_word' id='word_1_472' title='bbox 858 4170 997 4241; x_wconf 78' lang='lat' dir='ltr'><strong>leviorem,</strong></span> <span class='ocrx_word' id='word_1_473' title='bbox 1020 4186 1096 4241; x_wconf 84' lang='lat' dir='ltr'><strong>qnam</strong></span> <span class='ocrx_word' id='word_1_474' title='bbox 1111 4170 1234 4223; x_wconf 84' lang='lat' dir='ltr'><strong>memorat</strong></span> <span class='ocrx_word' id='word_1_475' title='bbox 1249 4165 1296 4222; x_wconf 77' lang='lat' dir='ltr'><strong>ai-</strong></span> 
     </span>
     <span class='ocr_line' id='line_1_52' title="bbox 203 4239 853 4322; baseline 0.014 -32"><span class='ocrx_word' id='word_1_476' title='bbox 203 4251 276 4294; x_wconf 84' lang='lat' dir='ltr'><strong>ueoa</strong></span> <span class='ocrx_word' id='word_1_477' title='bbox 291 4240 527 4298; x_wconf 74' lang='lat' dir='ltr'><strong>Thessalonicensis</strong></span> <span class='ocrx_word' id='word_1_478' title='bbox 543 4256 567 4296; x_wconf 83' lang='lat' dir='ltr'><strong>e.</strong></span> <span class='ocrx_word' id='word_1_479' title='bbox 584 4243 601 4300; x_wconf 85' lang='lat'><strong>6</strong></span> <span class='ocrx_word' id='word_1_480' title='bbox 617 4243 679 4296; x_wconf 86' lang='lat' dir='ltr'><strong>nota</strong></span> <span class='ocrx_word' id='word_1_481' title='bbox 695 4239 730 4322; x_wconf 71' lang='lat'><strong>¹14</strong></span> <span class='ocrx_word' id='word_1_482' title='bbox 746 4239 853 4300; x_wconf 73' lang='lat' dir='ltr'><strong>relatus.</strong></span> 
     </span>
    </p>
   </div>
   <div class='ocr_carea' id='block_1_14' title="bbox 0 0 1564 4867">
    <p class='ocr_par' dir='ltr' id='par_1_16' title="bbox 0 0 1564 4867">
     <span class='ocr_line' id='line_1_53' title="bbox 0 0 1564 4867; baseline 0 0"><span class='ocrx_word' id='word_1_483' title='bbox 0 0 1564 4867; x_wconf 95' lang='lat' dir='ltr'><strong> </strong></span> 
     </span>
    </p>
   </div>
  </div>
 </body>
</html>
