3075 4867
535 312 582 384 ru
607 314 758 385 cornu
784 275 870 383 cir.
893 314 955 385 vr.
1003 309 1008 324 *
1227 314 1303 388 aas

199 476 303 557 calcei,
325 496 401 539 nuuc
421 478 568 559 sandalia,
594 474 669 539 nunc
688 496 801 557 ocreae,
827 498 903 539 nunc
924 479 1056 559 crepidae
1075 485 1231 544 vertantur.
1272 490 1304 542 et

199 566 315 642 quidem
338 558 455 645 ipsiipsi
479 568 582 639 rubro,
603 559 729 628 κόκκινα
749 584 801 623 seu
823 568 1007 646 κοιικοβαφῆ
1025 585 1100 626 cocco
1120 570 1222 642 tincto,
1244 587 1303 626 non

113 647 119 659 ⁹
198 652 261 713 siue
274 650 390 725 aquilis;
415 670 487 727 quae
500 658 530 710 et
543 648 664 735 τζοὶγγαι
679 667 729 709 seu
743 646 863 732 τζοὲγκαι
885 651 1066 727 dicebantur,
1085 670 1176 727 usque
1194 654 1232 712 ad
1252 673 1304 731 ge-

199 756 257 796 nua
270 737 478 815 pertingentia,
496 736 522 795 si
535 736 604 795 fides
618 734 756 815 Procopio
770 736 792 795 Ι.
806 738 827 799 3
843 739 879 796 de
891 736 1023 795 aediliciis
1037 736 1193 797 Iustiniani.
1228 736 1304 801 διιο-

199 815 319 902 deipara
339 822 422 903 μέχρι
446 822 489 895 εἰς
510 817 583 902 γόνυ
603 825 748 899 φοινικοῦ
768 815 940 900 χρώματος,
962 816 985 885 δ
1003 818 1043 900 δή
1060 823 1185 902 βασιλέα
1204 817 1304 901 μόνον

197 904 350 985 Ῥωμαίων
362 928 393 969 τε
415 904 466 968 καὶ
487 910 617 983 Περσῶν
636 904 822 970 δποδεῑσθαι
844 905 945 981 θέμις.
986 907 1107 987 posteris
1129 909 1305 986 temporibus

197 992 274 1050 idem
287 992 378 1051 honos
393 992 510 1071 principi
524 992 673 1069 Bnlgariae
698 1010 862 1066 concessus,
883 992 958 1050 iuter
976 993 1056 1051 cuius
1079 993 1201 1070 insignia
1220 1000 1304 1053 eraut

197 1098 281 1137 ουτοι
296 1098 411 1152 emona,
430 1083 463 1135 ut
484 1083 528 1135 est
546 1080 623 1156 apud
643 1078 779 1137 Ioannem
798 1077 1001 1155 Curopalatam
1021 1078 1051 1136 in
1073 1076 1229 1155 Taimisce,
1249 1077 1303 1142 aul
1407 1115 1409 1119 ·

197 1158 288 1241 scripu
309 1160 478 1241 νινησμένη
497 1162 530 1225 ia
554 1155 686 1242 βύσσου,
714 1162 766 1225 καὶ
787 1161 894 1223 πέδιλα
916 1156 1050 1243 ἐρυθροὶ,
1080 1181 1153 1239 quae
1172 1164 1304 1224 Zonarae

197 1254 267 1306 sunt
294 1240 492 1325 φοινικόχροα
519 1254 550 1306 et
572 1246 692 1310 Nicetae
719 1248 749 1307 in
775 1247 883 1307 Ioanne
909 1248 1057 1307 Comneno
1078 1252 1302 1328 φοινικοβαφῆ.

197 1334 273 1392 idem
297 1331 483 1409 Bulgarorum
504 1333 635 1413 princeps
650 1333 765 1392 Graecis
781 1328 922 1412 βασιλεύς
937 1333 1147 1413 appellabatur,
1168 1341 1201 1393 ut
1212 1334 1303 1410 liquet

197 1438 233 1479 ex
244 1418 386 1495 legatione
398 1416 568 1496 Luitprandi
583 1420 620 1477 ad
632 1418 823 1497 Nicephorum
836 1416 976 1497 Pbocam,
997 1438 1055 1497 quo
1068 1421 1181 1478 nomine
1199 1439 1236 1478 ne
1249 1420 1303 1479 im-

196 1510 356 1583 peratorem
372 1502 484 1578 quidem
498 1504 661 1562 Occidentis
677 1503 888 1581 dignabantur,
907 1522 992 1579 quem
1012 1505 1090 1585 ρἧα
1102 1505 1302 1583 indigitabaut.

196 1608 232 1649 ex
246 1588 344 1647 calceis
357 1587 505 1666 purpureis
519 1594 549 1646 et
561 1589 713 1665 aquiliferis
727 1589 842 1665 agnitus
858 1595 904 1648 est
917 1589 993 1648 inter
1011 1608 1155 1649 caesorum
1175 1590 1302 1649 cumulos
1362 1595 1367 1604 '

196 1680 228 1733 et
244 1674 366 1732 tumulos
383 1674 587 1733 Constantinus
601 1674 715 1733 ultimus
730 1674 854 1753 Cpoleos
872 1674 1034 1752 imperator.
1055 1674 1199 1733 Phranzes
1213 1678 1233 1737 8
1249 1680 1303 1740 18.

195 1760 248 1818 has
272 1759 399 1837 crepidas
419 1754 571 1841 έρυθροῖς,
592 1766 625 1819 ut
650 1779 699 1819 eas
722 1760 848 1837 appellat
869 1759 1014 1837 Gregoras
1028 1760 1047 1819 L
1062 1764 1097 1836 3,
1120 1760 1302 1836 quemadmo-

196 1846 266 1904 dmu
287 1851 317 1903 et
337 1862 508 1923 purpuram,
535 1845 632 1903 statim
651 1844 823 1923 arripiebant
842 1844 880 1901 illi
896 1845 945 1920 qui
961 1845 1106 1924 imperimn
1119 1843 1301 1905 invadebant.

197 1933 373 2008 quapropter
407 1930 444 1986 de
473 1926 628 1989 Theodoro
652 1931 798 1988 Comueno
821 1935 906 2007 capta
931 1929 1136 1995 Thessalonica
1159 1932 1302 2009 Georgius

196 2013 360 2095 Acropolita
372 2015 402 2071 in
416 2013 572 2073 Chronico:
596 2015 773 2096 πορφυρίδα
792 2034 824 2076 τε
847 2008 1015 2077 sinodicam
1032 2013 1085 2077 scol
1104 2014 1211 2078 πέδιλα
1230 2017 1302 2096 έρυὶ

196 2095 271 2183 dcci.
313 2101 430 2176 obitque
449 2105 551 2159 strenae
569 2103 740 2177 imperatoria
761 2104 872 2172 mursia,
893 2101 1004 2160 ιτοοιιδο
1026 2099 1166 2179 despoton,
1183 2100 1300 2161 sebasto'-

195 2191 336 2259 σνολαιοι,
356 2204 467 2261 magnos
480 2184 646 2258 domesticos,
667 2189 885 2263 protovestiarius
898 2190 924 2243 ct
936 2186 967 2243 id
978 2205 1063 2263 gersus
1077 2185 1154 2246 abbe.
1196 2186 1301 2261 quibus

194 2277 263 2333 ante
277 2270 371 2329 omnia
383 2271 526 2329 invasores
539 2270 643 2348 sceptri
665 2271 837 2349 imperatorii
855 2270 1052 2347 privabantur,
1074 2288 1159 2345 quam
1179 2271 1301 2349 primum

194 2356 225 2415 in
238 2356 425 2434 legitimorum
440 2355 614 2414 dominorum
634 2361 806 2435 potestatem
825 2355 984 2415 veniebant
1026 2375 1158 2413 coronam
1178 2355 1301 2433 impera-

195 2442 297 2501 toriam
310 2461 393 2500 nemo
406 2440 459 2497 sibi
473 2440 618 2520 sumebat,
635 2442 688 2499 sed
707 2441 738 2499 in
756 2440 938 2500 coronatione
951 2460 1003 2500 seu
1015 2441 1231 2520 inauguratione
1245 2460 1301 2500 sua

195 2548 214 2587 a
227 2526 386 2607 patriarcha
398 2526 560 2604 accipiebat.

279 2666 307 2725 p.
324 2644 364 2707 51
378 2646 456 2707 nil
472 2652 501 2705 et
516 2664 544 2723 p.
559 2641 639 2709 sav.
654 2646 683 2705 6.
710 2637 833 2720 pilaticia
853 2648 1033 2702 accersrmtur
1056 2664 1074 2703 a
1098 2642 1176 2720 Cyro
1196 2638 1298 2699 Persa-

194 2750 257 2788 rum
280 2750 364 2807 rege,
392 2730 448 2789 imo
471 2750 489 2787 a
508 2730 619 2805 Medis,
645 2747 764 2803 quorum
786 2746 835 2785 rex
857 2736 887 2787 et
907 2729 1012 2787 iudices
1037 2729 1105 2787 talia
1122 2727 1244 2805 pilaticia
1264 2744 1300 2783 ex

194 2816 267 2875 collo
289 2816 479 2893 dependentia
503 2814 642 2891 gestarint
660 2817 797 2888 tanquam
820 2813 928 2872 iuridici
948 2814 1063 2872 honoris
1084 2819 1114 2872 et
1135 2812 1219 2872 officii
1231 2811 1300 2867 insi-

194 2902 271 2978 gnia.
314 2900 447 2976 quicquid
467 2900 506 2957 sit
528 2901 563 2958 de
583 2918 632 2974 re,
651 2898 817 2955 vocabulum
839 2899 951 2957 videtur
969 2896 1103 2957 latinum
1125 2916 1143 2955 a
1153 2898 1225 2976 pilo,
1242 2896 1297 2954 boc

195 2992 241 3043 est
255 2984 316 3045 teto.
359 3005 424 3043 nam
439 2986 516 3060 quod
530 2984 627 3042 lunius
640 3003 675 3041 ex
700 2981 893 3041 Orientalibus
910 2984 1013 3060 linguis
1031 2985 1062 3042 id
1082 2984 1213 3059 deducit,
1234 2982 1296 3055 qui·
1312 2986 1336 3039 P
1352 2984 1406 3039 222

196 3072 250 3129 bus
266 3070 306 3151 ait
321 3071 474 3148 piloticium.
488 3090 542 3127 esse
557 3071 750 3147 disquisitionis
764 3074 791 3126 et
804 3072 1022 3129 accuratissime
1033 3071 1194 3145 cognitionis
1207 3086 1296 3123 noca-

194 3162 325 3229 mentam,
346 3152 375 3211 id
399 3156 463 3213 ideo
483 3156 550 3213 fecit
572 3174 608 3213 ne
631 3155 801 3211 nesciremus
823 3171 908 3228 quam
928 3153 1046 3212 feliciter
1060 3171 1147 3229 supra
1161 3144 1298 3227 ζωδφιον

194 3262 229 3300 ex
245 3240 365 3299 Arabico
378 3240 519 3311 formarit3
538 3260 597 3297 non
610 3240 709 3315 irnpari
723 3238 856 3296 felicitate
874 3239 998 3317 pilaticia
1022 3257 1057 3297 ex
1077 3238 1194 3295 Oriente
1213 3234 1296 3292 nobis

194 3346 271 3384 nunc
286 3326 408 3384 advehit.
449 3326 594 3383 αἰδοίοιο.
609 3329 627 3387 3
643 3326 679 3381 de
693 3324 723 3381 S.
740 3324 833 3381 Cruce
854 3324 871 3384 1
896 3322 943 3385 13.
985 3323 1091 3397 ubique
1112 3327 1207 3379 autem
1227 3320 1298 3377 scri-

194 3412 318 3470 bendum
332 3409 515 3485 πιλοπέιιιον,
537 3429 594 3468 non
610 3402 816 3479 δπελαιίκιον,
837 3408 942 3486 sceptri
957 3426 1066 3485 genus,
1083 3407 1161 3482 quod
1180 3404 1298 3483 palatini
1394 3398 1398 3405 ’

192 3496 263 3557 certi
281 3495 435 3573 gerebant,
463 3496 698 3573 quenadmodum
725 3492 772 3553 alii
797 3491 879 3552 multi
900 3488 936 3555 sd
956 3491 1144 3563 deserturos,
1173 3488 1297 3571 supral
1332 3540 1338 3555 .

195 3588 258 3647 2c.
275 3584 304 3644 6.

264 3678 300 3733 ib.
317 3695 345 3729 v.
362 3680 405 3733 22.
426 3670 654 3799 oioqoocsinoolor
675 3668 807 3743 οἶσιιιπές]
832 3674 965 3742 Gregoras
988 3673 1023 3729 ad
1047 3671 1169 3727 lictoriae
1184 3669 1295 3724 calcem

195 3749 261 3813 περί
276 3764 306 3816 γι
322 3740 379 3831 μὴν
390 3745 440 3813 τῆς
478 3743 510 3797 πὶ
526 3746 649 3813 κεφαλῆς
665 3740 840 3810 καλύπτρας,
855 3738 902 3798 inl
924 3745 981 3797 cois
1002 3739 1140 3809 πρότερον
1159 3735 1296 3811 βασιλέων

197 3816 268 3880 tuor
284 3833 351 3877 socc
366 3810 418 3884 plo
433 3810 523 3885 χρόνῳ
540 3830 596 3875 προ
616 3809 752 3884 adoperitur
767 3805 800 3867 έν
822 3816 884 3873 τοῖς
900 3812 1048 3885 βασιλείοις
1082 3811 1188 3879 ρῆσδσιι
1210 3803 1295 3861 sutri·

193 3904 295 3952 πνραις
309 3884 467 3953 πυραμίδας
488 3876 541 3969 μέν
564 3876 690 3951 έχούσαις
713 3882 821 3951 σχῆμα,
844 3884 969 3967 cqossoic
983 3876 1010 3935 δ’
1025 3830 1158 3948 ἐνδύμασι
1172 3871 1246 3960 acqui
1261 3868 1296 3929 ιδ

194 3952 337 4023 ἀνάλογον
354 3948 459 4023 §adoro
481 3952 588 4019 αξέιομα
606 3948 847 4034 ιιαλυιιτομιίαις,ι
863 3967 926 4006 ocos
947 3944 974 4003 δ’
998 3942 1030 4003 έν
1051 3944 1161 4021 ἡλιαίᾳ,
1180 3961 1298 4026 cecrops

195 4019 229 4079 db
246 4020 354 4087 πάντας
372 4018 510 4087 καθάπαξ
533 4016 694 4075 ἄκοὶλυπιον
721 4017 792 4089 ἔχειν
814 4038 868 4087 την
889 4016 1026 4090 κεφαλήν.
1048 4018 1135 4073 subdit
1160 4015 1296 4069 Andronios

195 4093 307 4147 Iunioris
330 4097 418 4147 aetate
441 4090 565 4163 pileorum
590 4108 657 4159 quae
678 4089 779 4143 luberet
803 4096 935 4158 acceptam
961 4105 978 4142 a
1005 4088 1157 4160 proceribus
1177 4086 1295 4152 sormam,

194 4162 303 4217 iuvenes
318 4179 382 4217 vero
401 4160 477 4215 aaa
494 4166 564 4213 teoto
580 4158 665 4231 capite
679 4157 802 4229 palatium
819 4159 1006 4229 frequentasse.

264 4281 293 4336 p.
305 4266 341 4321 53
352 4266 407 4319 ut
422 4256 602 4331 προσφόρους
618 4254 742 4331 λέγοντες
756 4260 878 4331 στίχους]
895 4276 984 4314 casas
996 4265 1025 4313 nt
1041 4258 1184 4311 adobrutae
1195 4251 1294 4308 festivi-

195 4330 247 4389 tati
270 4348 412 4405 congraos,
434 4332 473 4409 ita
495 4330 569 4388 sinui
590 4330 712 4403 proprias
732 4330 896 4412 inperatoris
920 4328 1011 4384 laudes
1033 4333 1063 4383 st
1089 4324 1248 4380 subditorun
1269 4323 1298 4376 ln
