<?xml version="1.0" encoding="UTF-8"?>
<!DOCTYPE html PUBLIC "-//W3C//DTD XHTML 1.0 Transitional//EN"
    "http://www.w3.org/TR/xhtml1/DTD/xhtml1-transitional.dtd">
<html xmlns="http://www.w3.org/1999/xhtml" xml:lang="en" lang="en">
 <head>
  <title>
</title>
<meta http-equiv="Content-Type" content="text/html;charset=utf-8" />
  <meta name='ocr-system' content='tesseract 3.04.00' />
  <meta name='ocr-capabilities' content='ocr_page ocr_carea ocr_par ocr_line ocrx_word'/>
</head>
<body>
  <div class='ocr_page' id='page_1' title='image "./corpusscriptoru23theogoog/corpusscriptoru23theogoog_0333.png"; bbox 0 0 3075 4867; ppageno 0'>
   <div class='ocr_carea' id='block_1_1' title="bbox 504 243 1261 344">
    <p class='ocr_par' dir='ltr' id='par_1_1' title="bbox 504 243 1261 344">
     <span class='ocr_line' id='line_1_1' title="bbox 504 243 1261 344; baseline 0.008 -6"><span class='ocrx_word' id='word_1_1' title='bbox 504 243 899 340; x_wconf 78' lang='lat' dir='ltr'><strong><em>monumemxr.</em></strong></span> <span class='ocrx_word' id='word_1_2' title='bbox 1185 271 1261 344; x_wconf 80' lang='lat' dir='ltr'><strong><em>ora</em></strong></span> 
     </span>
    </p>
   </div>
   <div class='ocr_carea' id='block_1_2' title="bbox 141 430 1371 3930">
    <p class='ocr_par' dir='ltr' id='par_1_2' title="bbox 141 430 1262 772">
     <span class='ocr_line' id='line_1_2' title="bbox 141 430 1262 519; baseline -0.002 -21"><span class='ocrx_word' id='word_1_3' title='bbox 141 434 314 517; x_wconf 77' lang='lat' dir='ltr'><strong><em>‚deponentes</em></strong></span> <span class='ocrx_word' id='word_1_4' title='bbox 331 430 463 496; x_wconf 75' lang='lat' dir='ltr'><strong><em>conditos</em></strong></span> <span class='ocrx_word' id='word_1_5' title='bbox 476 433 652 510; x_wconf 69' lang='lat' dir='ltr'><strong><em>trdomou&#39;,</em></strong></span> <span class='ocrx_word' id='word_1_6' title='bbox 683 433 841 514; x_wconf 69' lang='lat' dir='ltr'><strong><em>ingenitium</em></strong></span> <span class='ocrx_word' id='word_1_7' title='bbox 860 439 1046 515; x_wconf 71' lang='lat' dir='ltr'><strong><em>imperatorum</em></strong></span> <span class='ocrx_word' id='word_1_8' title='bbox 1067 445 1262 519; x_wconf 71' lang='lat' dir='ltr'><strong><em>acgrrmmtuar.</em></strong></span> 
     </span>
     <span class='ocr_line' id='line_1_3' title="bbox 146 521 1260 604; baseline 0.002 -22"><span class='ocrx_word' id='word_1_9' title='bbox 146 524 315 582; x_wconf 76' lang='lat' dir='ltr'><strong><em>mutationis</em></strong></span> <span class='ocrx_word' id='word_1_10' title='bbox 326 538 435 579; x_wconf 77' lang='lat' dir='ltr'><strong><em>causano</em></strong></span> <span class='ocrx_word' id='word_1_11' title='bbox 451 521 633 598; x_wconf 79' lang='lat' dir='ltr'><strong><em>praesentibus</em></strong></span> <span class='ocrx_word' id='word_1_12' title='bbox 646 524 789 600; x_wconf 83' lang='lat' dir='ltr'><strong><em>imperator</em></strong></span> <span class='ocrx_word' id='word_1_13' title='bbox 802 526 930 596; x_wconf 77' lang='lat' dir='ltr'><strong><em>meardt3</em></strong></span> <span class='ocrx_word' id='word_1_14' title='bbox 948 522 1260 604; x_wconf 69' lang='lat' dir='ltr'><strong><em>pridie-proptosecturn</em></strong></span> 
     </span>
     <span class='ocr_line' id='line_1_4' title="bbox 146 605 1261 692; baseline 0.004 -26"><span class='ocrx_word' id='word_1_15' title='bbox 146 607 221 666; x_wconf 76' lang='lat' dir='ltr'><strong><em>dian</em></strong></span> <span class='ocrx_word' id='word_1_16' title='bbox 236 607 304 664; x_wconf 81' lang='lat' dir='ltr'><strong><em>illac</em></strong></span> <span class='ocrx_word' id='word_1_17' title='bbox 318 606 390 664; x_wconf 81' lang='lat' dir='ltr'><strong><em>olias</em></strong></span> <span class='ocrx_word' id='word_1_18' title='bbox 401 605 539 677; x_wconf 55' lang='lat' dir='ltr'><strong><em>teduisam·</em></strong></span> <span class='ocrx_word' id='word_1_19' title='bbox 558 625 629 666; x_wconf 88' lang='lat' dir='ltr'><strong><em>nunc</em></strong></span> <span class='ocrx_word' id='word_1_20' title='bbox 641 606 689 664; x_wconf 78' lang='lat' dir='ltr'><strong><em>illo</em></strong></span> <span class='ocrx_word' id='word_1_21' title='bbox 699 611 844 684; x_wconf 68' lang='lat' dir='ltr'><strong><em>praetento</em></strong></span> <span class='ocrx_word' id='word_1_22' title='bbox 856 627 949 666; x_wconf 78' lang='lat' dir='ltr'><strong><em>rursus</em></strong></span> <span class='ocrx_word' id='word_1_23' title='bbox 957 605 1060 686; x_wconf 80' lang='lat' dir='ltr'><strong><em>fratria</em></strong></span> <span class='ocrx_word' id='word_1_24' title='bbox 1079 616 1105 668; x_wconf 85' lang='lat' dir='ltr'><strong><em>et</em></strong></span> <span class='ocrx_word' id='word_1_25' title='bbox 1120 614 1261 692; x_wconf 71' lang='lat' dir='ltr'><strong><em>impermo-</em></strong></span> 
     </span>
     <span class='ocr_line' id='line_1_5' title="bbox 146 687 860 772; baseline 0 -20"><span class='ocrx_word' id='word_1_26' title='bbox 146 693 189 752; x_wconf 81' lang='lat' dir='ltr'><strong><em>ris</em></strong></span> <span class='ocrx_word' id='word_1_27' title='bbox 204 687 370 772; x_wconf 79' lang='lat' dir='ltr'><strong><em>(Andronici</em></strong></span> <span class='ocrx_word' id='word_1_28' title='bbox 383 689 514 768; x_wconf 83' lang='lat' dir='ltr'><strong><em>lunion&#39;c)</em></strong></span> <span class='ocrx_word' id='word_1_29' title='bbox 527 697 633 750; x_wconf 76' lang='lat' dir='ltr'><strong><em>nonem</em></strong></span> <span class='ocrx_word' id='word_1_30' title='bbox 646 692 698 752; x_wconf 82' lang='lat' dir='ltr'><strong><em>ribi</em></strong></span> <span class='ocrx_word' id='word_1_31' title='bbox 708 692 860 770; x_wconf 71' lang='lat' dir='ltr'><strong><em>lugerdam.</em></strong></span> 
     </span>
    </p>

    <p class='ocr_par' dir='ltr' id='par_1_3' title="bbox 141 788 1371 1972">
     <span class='ocr_line' id='line_1_6' title="bbox 185 788 1261 869; baseline 0.002 -19"><span class='ocrx_word' id='word_1_32' title='bbox 185 815 189 826; x_wconf 94' lang='lat'>·</span> <span class='ocrx_word' id='word_1_33' title='bbox 236 793 275 851; x_wconf 88' lang='lat' dir='ltr'><strong><em>ib.</em></strong></span> <span class='ocrx_word' id='word_1_34' title='bbox 298 809 326 850; x_wconf 85' lang='lat' dir='ltr'><strong><em>v.</em></strong></span> <span class='ocrx_word' id='word_1_35' title='bbox 352 793 400 854; x_wconf 89' lang='lat'><strong><em>16.</em></strong></span> <span class='ocrx_word' id='word_1_36' title='bbox 426 789 536 850; x_wconf 87' lang='lat' dir='ltr'><strong><em>intuere</em></strong></span> <span class='ocrx_word' id='word_1_37' title='bbox 559 797 589 851; x_wconf 90' lang='lat' dir='ltr'><strong><em>et</em></strong></span> <span class='ocrx_word' id='word_1_38' title='bbox 606 788 700 850; x_wconf 89' lang='lat' dir='ltr'><strong><em>animo</em></strong></span> <span class='ocrx_word' id='word_1_39' title='bbox 724 809 858 851; x_wconf 89' lang='lat' dir='ltr'><strong><em>venerare</em></strong></span> <span class='ocrx_word' id='word_1_40' title='bbox 879 792 1071 852; x_wconf 75' lang='lat' dir='ltr'><strong><em>sanctissimae</em></strong></span> <span class='ocrx_word' id='word_1_41' title='bbox 1088 792 1261 869; x_wconf 77' lang='lat' dir='ltr'><strong><em>virginissi-</em></strong></span> 
     </span>
     <span class='ocr_line' id='line_1_7' title="bbox 147 875 1263 955; baseline 0 -19"><span class='ocrx_word' id='word_1_42' title='bbox 147 879 255 936; x_wconf 82' lang='lat' dir='ltr'><strong><em>ctorr&#39;oe</em></strong></span> <span class='ocrx_word' id='word_1_43' title='bbox 270 876 415 953; x_wconf 81' lang='lat' dir='ltr'><strong><em>effectricis</em></strong></span> <span class='ocrx_word' id='word_1_44' title='bbox 428 875 577 953; x_wconf 81' lang='lat' dir='ltr'><strong><em>imaginem</em></strong></span> <span class='ocrx_word' id='word_1_45' title='bbox 590 894 653 933; x_wconf 87' lang='lat' dir='ltr'><strong><em>cum</em></strong></span> <span class='ocrx_word' id='word_1_46' title='bbox 666 876 787 955; x_wconf 85' lang='lat' dir='ltr'><strong><em>imagine</em></strong></span> <span class='ocrx_word' id='word_1_47' title='bbox 800 879 831 937; x_wconf 89' lang='lat' dir='ltr'><strong><em>S.</em></strong></span> <span class='ocrx_word' id='word_1_48' title='bbox 845 877 969 955; x_wconf 83' lang='lat' dir='ltr'><strong><em>Georgii</em></strong></span> <span class='ocrx_word' id='word_1_49' title='bbox 1011 878 1065 936; x_wconf 85' lang='lat' dir='ltr'><strong><em>fuit</em></strong></span> <span class='ocrx_word' id='word_1_50' title='bbox 1086 878 1159 938; x_wconf 86' lang='lat' dir='ltr'><strong><em>haee</em></strong></span> <span class='ocrx_word' id='word_1_51' title='bbox 1176 877 1263 936; x_wconf 86' lang='lat' dir='ltr'><strong><em>Nico-</em></strong></span> 
     </span>
     <span class='ocr_line' id='line_1_8' title="bbox 146 959 1263 1044; baseline -0.001 -24"><span class='ocrx_word' id='word_1_52' title='bbox 146 979 243 1041; x_wconf 81' lang='lat' dir='ltr'><strong><em>poeae</em></strong></span> <span class='ocrx_word' id='word_1_53' title='bbox 257 961 379 1038; x_wconf 86' lang='lat' dir='ltr'><strong><em>virginis</em></strong></span> <span class='ocrx_word' id='word_1_54' title='bbox 392 961 485 1038; x_wconf 83' lang='lat' dir='ltr'><strong><em>imago</em></strong></span> <span class='ocrx_word' id='word_1_55' title='bbox 497 962 558 1020; x_wconf 90' lang='lat' dir='ltr'><strong><em>sine</em></strong></span> <span class='ocrx_word' id='word_1_56' title='bbox 572 959 657 1020; x_wconf 87' lang='lat' dir='ltr'><strong><em>duhio</em></strong></span> <span class='ocrx_word' id='word_1_57' title='bbox 671 961 718 1020; x_wconf 86' lang='lat' dir='ltr'><strong><em>illa</em></strong></span> <span class='ocrx_word' id='word_1_58' title='bbox 732 980 818 1038; x_wconf 86' lang='lat' dir='ltr'><strong><em>quam</em></strong></span> <span class='ocrx_word' id='word_1_59' title='bbox 830 960 952 1022; x_wconf 87' lang='lat' dir='ltr'><strong><em>loannes</em></strong></span> <span class='ocrx_word' id='word_1_60' title='bbox 966 962 1128 1022; x_wconf 88' lang='lat' dir='ltr'><strong><em>Comnenus</em></strong></span> <span class='ocrx_word' id='word_1_61' title='bbox 1142 964 1263 1044; x_wconf 89' lang='lat' dir='ltr'><strong><em>impera-</em></strong></span> 
     </span>
     <span class='ocr_line' id='line_1_9' title="bbox 145 1043 1265 1126; baseline 0.001 -22"><span class='ocrx_word' id='word_1_62' title='bbox 145 1052 198 1104; x_wconf 91' lang='lat' dir='ltr'><strong><em>tor</em></strong></span> <span class='ocrx_word' id='word_1_63' title='bbox 210 1065 269 1105; x_wconf 88' lang='lat' dir='ltr'><strong><em>suo</em></strong></span> <span class='ocrx_word' id='word_1_64' title='bbox 283 1047 349 1106; x_wconf 85' lang='lat' dir='ltr'><strong><em>loeo</em></strong></span> <span class='ocrx_word' id='word_1_65' title='bbox 363 1046 454 1104; x_wconf 85' lang='lat' dir='ltr'><strong><em>currui</em></strong></span> <span class='ocrx_word' id='word_1_66' title='bbox 473 1043 633 1125; x_wconf 88' lang='lat' dir='ltr'><strong><em>triumphali</em></strong></span> <span class='ocrx_word' id='word_1_67' title='bbox 654 1046 790 1124; x_wconf 83' lang='lat' dir='ltr'><strong><em>imposuit</em></strong></span> <span class='ocrx_word' id='word_1_68' title='bbox 806 1047 884 1106; x_wconf 88' lang='lat' dir='ltr'><strong><em>velut</em></strong></span> <span class='ocrx_word' id='word_1_69' title='bbox 901 1047 1059 1126; x_wconf 85' lang='lat' dir='ltr'><strong><em>Victoriae,</em></strong></span> <span class='ocrx_word' id='word_1_70' title='bbox 1085 1067 1170 1125; x_wconf 92' lang='lat' dir='ltr'><strong><em>quam</em></strong></span> <span class='ocrx_word' id='word_1_71' title='bbox 1191 1047 1265 1106; x_wconf 85' lang='lat' dir='ltr'><strong><em>obti-</em></strong></span> 
     </span>
     <span class='ocr_line' id='line_1_10' title="bbox 145 1129 1371 1211; baseline -0.002 -21"><span class='ocrx_word' id='word_1_72' title='bbox 145 1136 273 1208; x_wconf 74' lang='lat' dir='ltr'><strong><em>namet,</em></strong></span> <span class='ocrx_word' id='word_1_73' title='bbox 294 1134 400 1190; x_wconf 88' lang='lat' dir='ltr'><strong><em>unicam</em></strong></span> <span class='ocrx_word' id='word_1_74' title='bbox 420 1131 582 1207; x_wconf 59' lang='lat' dir='ltr'><strong><em>dicctriccn.</em></strong></span> <span class='ocrx_word' id='word_1_75' title='bbox 612 1129 744 1191; x_wconf 88' lang='lat' dir='ltr'><strong><em>v.Nicet</em></strong></span> <span class='ocrx_word' id='word_1_76' title='bbox 759 1131 851 1191; x_wconf 81' lang='lat' dir='ltr'><strong><em>Chen.</em></strong></span> <span class='ocrx_word' id='word_1_77' title='bbox 864 1153 892 1211; x_wconf 86' lang='lat' dir='ltr'><strong><em>p.</em></strong></span> <span class='ocrx_word' id='word_1_78' title='bbox 906 1134 951 1192; x_wconf 90' lang='lat' dir='ltr'><strong><em>ed.</em></strong></span> <span class='ocrx_word' id='word_1_79' title='bbox 965 1131 1057 1192; x_wconf 82' lang='lat' dir='ltr'><strong><em>Boun.</em></strong></span> <span class='ocrx_word' id='word_1_80' title='bbox 1071 1137 1124 1198; x_wconf 76' lang='lat'><strong><em>26.</em></strong></span> <span class='ocrx_word' id='word_1_81' title='bbox 1164 1131 1263 1190; x_wconf 87' lang='lat' dir='ltr'><strong><em>viden·</em></strong></span> <span class='ocrx_word' id='word_1_82' title='bbox 1278 1130 1301 1186; x_wconf 83' lang='grc' dir='ltr'><strong>Ρ</strong></span> <span class='ocrx_word' id='word_1_83' title='bbox 1318 1133 1371 1188; x_wconf 75' lang='grc'><strong><em>233</em></strong></span> 
     </span>
     <span class='ocr_line' id='line_1_11' title="bbox 145 1213 1266 1296; baseline 0.002 -22"><span class='ocrx_word' id='word_1_84' title='bbox 145 1221 198 1274; x_wconf 91' lang='lat' dir='ltr'><strong><em>tur</em></strong></span> <span class='ocrx_word' id='word_1_85' title='bbox 213 1222 318 1276; x_wconf 87' lang='lat' dir='ltr'><strong><em>autem</em></strong></span> <span class='ocrx_word' id='word_1_86' title='bbox 330 1213 403 1274; x_wconf 88' lang='lat' dir='ltr'><strong><em>hanc</em></strong></span> <span class='ocrx_word' id='word_1_87' title='bbox 417 1215 461 1274; x_wconf 90' lang='lat' dir='ltr'><strong><em>dei</em></strong></span> <span class='ocrx_word' id='word_1_88' title='bbox 473 1215 782 1294; x_wconf 80' lang='lat' dir='ltr'><strong><em>genitricisimaginem</em></strong></span> <span class='ocrx_word' id='word_1_89' title='bbox 794 1237 889 1276; x_wconf 87' lang='lat' dir='ltr'><strong><em>secum</em></strong></span> <span class='ocrx_word' id='word_1_90' title='bbox 908 1217 1041 1277; x_wconf 79' lang='lat' dir='ltr'><strong><em>extulisse</em></strong></span> <span class='ocrx_word' id='word_1_91' title='bbox 1061 1219 1090 1276; x_wconf 91' lang='lat' dir='ltr'><strong><em>iu</em></strong></span> <span class='ocrx_word' id='word_1_92' title='bbox 1109 1217 1266 1296; x_wconf 86' lang='lat' dir='ltr'><strong><em>expeditio-</em></strong></span> 
     </span>
     <span class='ocr_line' id='line_1_12' title="bbox 141 1298 1263 1384; baseline 0.003 -23"><span class='ocrx_word' id='word_1_93' title='bbox 141 1317 209 1361; x_wconf 86' lang='lat' dir='ltr'><strong><em>ues.</em></strong></span> <span class='ocrx_word' id='word_1_94' title='bbox 256 1301 328 1360; x_wconf 89' lang='lat' dir='ltr'><strong><em>hinc</em></strong></span> <span class='ocrx_word' id='word_1_95' title='bbox 348 1300 464 1360; x_wconf 76' lang='lat' dir='ltr'><strong><em>Nicetes</em></strong></span> <span class='ocrx_word' id='word_1_96' title='bbox 484 1301 639 1360; x_wconf 85' lang='lat' dir='ltr'><strong><em>Choniates</em></strong></span> <span class='ocrx_word' id='word_1_97' title='bbox 658 1302 689 1360; x_wconf 91' lang='lat' dir='ltr'><strong><em>iu</em></strong></span> <span class='ocrx_word' id='word_1_98' title='bbox 708 1301 825 1384; x_wconf 88' lang='lat' dir='ltr'><strong><em>imperio</em></strong></span> <span class='ocrx_word' id='word_1_99' title='bbox 846 1302 1023 1382; x_wconf 81' lang='lat' dir='ltr'><strong><em>Murruphli:</em></strong></span> <span class='ocrx_word' id='word_1_100' title='bbox 1045 1298 1135 1382; x_wconf 74' lang='grc' dir='ltr'><strong><em>ἤτῆς</em></strong></span> <span class='ocrx_word' id='word_1_101' title='bbox 1148 1299 1263 1382; x_wconf 77' lang='grc' dir='ltr'><strong><em>θεομή-</em></strong></span> 
     </span>
     <span class='ocr_line' id='line_1_13' title="bbox 144 1376 1262 1467; baseline 0 -19"><span class='ocrx_word' id='word_1_102' title='bbox 144 1409 242 1467; x_wconf 80' lang='grc' dir='ltr'><em>τορος</em></span> <span class='ocrx_word' id='word_1_103' title='bbox 273 1376 385 1458; x_wconf 76' lang='lat' dir='ltr'><strong><em>sindo,</em></strong></span> <span class='ocrx_word' id='word_1_104' title='bbox 416 1381 458 1465; x_wconf 75' lang='grc' dir='ltr'><strong><em>ἣν</em></strong></span> <span class='ocrx_word' id='word_1_105' title='bbox 479 1385 512 1449; x_wconf 82' lang='lat' dir='ltr'><strong><em>ot</em></strong></span> <span class='ocrx_word' id='word_1_106' title='bbox 531 1387 663 1467; x_wconf 72' lang='grc' dir='ltr'><strong><em>βασιλεῖς</em></strong></span> <span class='ocrx_word' id='word_1_107' title='bbox 687 1384 839 1466; x_wconf 78' lang='grc' dir='ltr'><em>Ῥωμαίων</em></span> <span class='ocrx_word' id='word_1_108' title='bbox 860 1391 1020 1450; x_wconf 79' lang='grc' dir='ltr'><strong><em>ποιοῦνται</em></strong></span> <span class='ocrx_word' id='word_1_109' title='bbox 1046 1383 1262 1467; x_wconf 76' lang='grc' dir='ltr'><strong><em>συστράτηγον,</em></strong></span> 
     </span>
     <span class='ocr_line' id='line_1_14' title="bbox 145 1467 1263 1552; baseline -0.002 -20"><span class='ocrx_word' id='word_1_110' title='bbox 145 1477 215 1544; x_wconf 80' lang='grc' dir='ltr'><strong><em>τοῖς</em></strong></span> <span class='ocrx_word' id='word_1_111' title='bbox 233 1469 390 1545; x_wconf 76' lang='grc' dir='ltr'><strong><em>ἐναντίοις</em></strong></span> <span class='ocrx_word' id='word_1_112' title='bbox 404 1467 546 1533; x_wconf 76' lang='grc' dir='ltr'><strong><em>ἑάλωκεν.</em></strong></span> <span class='ocrx_word' id='word_1_113' title='bbox 587 1471 673 1530; x_wconf 90' lang='lat' dir='ltr'><strong><em>etiam</em></strong></span> <span class='ocrx_word' id='word_1_114' title='bbox 693 1471 842 1532; x_wconf 75' lang='lat' dir='ltr'><strong><em>Heraclius</em></strong></span> <span class='ocrx_word' id='word_1_115' title='bbox 860 1473 1014 1552; x_wconf 88' lang='lat' dir='ltr'><strong><em>imperator</em></strong></span> <span class='ocrx_word' id='word_1_116' title='bbox 1032 1473 1182 1552; x_wconf 81' lang='lat' dir='ltr'><strong><em>imaginem</em></strong></span> <span class='ocrx_word' id='word_1_117' title='bbox 1196 1491 1263 1530; x_wconf 87' lang='lat' dir='ltr'><strong><em>sen-</em></strong></span> 
     </span>
     <span class='ocr_line' id='line_1_15' title="bbox 146 1543 1263 1636; baseline 0 -20"><span class='ocrx_word' id='word_1_118' title='bbox 146 1555 300 1616; x_wconf 83' lang='lat' dir='ltr'><strong><em>etissimae</em></strong></span> <span class='ocrx_word' id='word_1_119' title='bbox 319 1555 434 1634; x_wconf 87' lang='lat' dir='ltr'><strong><em>virginis</em></strong></span> <span class='ocrx_word' id='word_1_120' title='bbox 456 1556 485 1613; x_wconf 91' lang='lat' dir='ltr'><strong><em>iu</em></strong></span> <span class='ocrx_word' id='word_1_121' title='bbox 508 1555 635 1616; x_wconf 88' lang='lat' dir='ltr'><strong><em>militiam</em></strong></span> <span class='ocrx_word' id='word_1_122' title='bbox 658 1559 792 1636; x_wconf 85' lang='lat' dir='ltr'><strong><em>praesidii</em></strong></span> <span class='ocrx_word' id='word_1_123' title='bbox 809 1577 895 1618; x_wconf 87' lang='lat' dir='ltr'><strong><em>causa</em></strong></span> <span class='ocrx_word' id='word_1_124' title='bbox 913 1543 1079 1617; x_wconf 83' lang='lat' dir='ltr'><strong><em>abdubebat</em></strong></span> <span class='ocrx_word' id='word_1_125' title='bbox 1121 1556 1263 1616; x_wconf 84' lang='lat' dir='ltr'><strong><em>hrthurua</em></strong></span> 
     </span>
     <span class='ocr_line' id='line_1_16' title="bbox 145 1639 1262 1721; baseline -0.001 -20"><span class='ocrx_word' id='word_1_126' title='bbox 145 1639 249 1701; x_wconf 87' lang='lat' dir='ltr'><strong><em>Britto</em></strong></span> <span class='ocrx_word' id='word_1_127' title='bbox 264 1643 297 1702; x_wconf 83' lang='lat' dir='ltr'><strong><em>in</em></strong></span> <span class='ocrx_word' id='word_1_128' title='bbox 308 1641 437 1702; x_wconf 78' lang='lat' dir='ltr'><strong><em>obsidione</em></strong></span> <span class='ocrx_word' id='word_1_129' title='bbox 450 1639 586 1701; x_wconf 88' lang='lat' dir='ltr'><strong><em>Badonici</em></strong></span> <span class='ocrx_word' id='word_1_130' title='bbox 605 1640 725 1713; x_wconf 79' lang='lat' dir='ltr'><strong><em>Montio,</em></strong></span> <span class='ocrx_word' id='word_1_131' title='bbox 744 1641 836 1721; x_wconf 79' lang='lat' dir='ltr'><strong><em>fretur</em></strong></span> <span class='ocrx_word' id='word_1_132' title='bbox 856 1645 973 1717; x_wconf 79' lang='lat' dir='ltr'><strong><em>imagine</em></strong></span> <span class='ocrx_word' id='word_1_133' title='bbox 993 1643 1138 1701; x_wconf 83' lang='lat' dir='ltr'><strong><em>dominicae</em></strong></span> <span class='ocrx_word' id='word_1_134' title='bbox 1156 1646 1262 1715; x_wconf 82' lang='lat' dir='ltr'><strong><em>matris,</em></strong></span> 
     </span>
     <span class='ocr_line' id='line_1_17' title="bbox 146 1727 1265 1806; baseline 0 -20"><span class='ocrx_word' id='word_1_135' title='bbox 146 1745 236 1806; x_wconf 76' lang='lat' dir='ltr'><strong><em>quam</em></strong></span> <span class='ocrx_word' id='word_1_136' title='bbox 257 1728 341 1786; x_wconf 81' lang='lat' dir='ltr'><strong><em>arnis</em></strong></span> <span class='ocrx_word' id='word_1_137' title='bbox 360 1730 417 1784; x_wconf 78' lang='lat' dir='ltr'><strong><em>cuir</em></strong></span> <span class='ocrx_word' id='word_1_138' title='bbox 442 1728 578 1800; x_wconf 79' lang='lat' dir='ltr'><strong><em>insuerat,</em></strong></span> <span class='ocrx_word' id='word_1_139' title='bbox 604 1733 748 1802; x_wconf 80' lang='lat' dir='ltr'><strong><em>nongentos</em></strong></span> <span class='ocrx_word' id='word_1_140' title='bbox 767 1727 882 1786; x_wconf 76' lang='lat' dir='ltr'><strong><em>bostium</em></strong></span> <span class='ocrx_word' id='word_1_141' title='bbox 900 1727 971 1786; x_wconf 81' lang='lat' dir='ltr'><strong><em>solur</em></strong></span> <span class='ocrx_word' id='word_1_142' title='bbox 989 1728 1101 1790; x_wconf 78' lang='lat' dir='ltr'><strong><em>adorsus</em></strong></span> <span class='ocrx_word' id='word_1_143' title='bbox 1113 1727 1265 1786; x_wconf 81' lang='lat' dir='ltr'><strong><em>incredibili</em></strong></span> 
     </span>
     <span class='ocr_line' id='line_1_18' title="bbox 147 1808 1263 1888; baseline 0.003 -18"><span class='ocrx_word' id='word_1_144' title='bbox 147 1811 237 1870; x_wconf 86' lang='lat' dir='ltr'><strong><em>caede</em></strong></span> <span class='ocrx_word' id='word_1_145' title='bbox 255 1811 434 1888; x_wconf 72' lang='lat' dir='ltr'><strong><em>profligauit,</em></strong></span> <span class='ocrx_word' id='word_1_146' title='bbox 455 1815 488 1869; x_wconf 86' lang='lat' dir='ltr'><strong><em>ut</em></strong></span> <span class='ocrx_word' id='word_1_147' title='bbox 507 1809 605 1870; x_wconf 85' lang='lat' dir='ltr'><strong><em>scribit</em></strong></span> <span class='ocrx_word' id='word_1_148' title='bbox 625 1810 792 1872; x_wconf 85' lang='lat' dir='ltr'><strong><em>Wilhelmus</em></strong></span> <span class='ocrx_word' id='word_1_149' title='bbox 811 1808 1066 1873; x_wconf 82' lang='lat' dir='ltr'><strong><em>hlalmesburiensis</em></strong></span> <span class='ocrx_word' id='word_1_150' title='bbox 1087 1811 1106 1872; x_wconf 89' lang='lat' dir='ltr'><strong><em>l.</em></strong></span> <span class='ocrx_word' id='word_1_151' title='bbox 1123 1819 1138 1878; x_wconf 86' lang='lat'>1</span> <span class='ocrx_word' id='word_1_152' title='bbox 1153 1812 1189 1871; x_wconf 93' lang='lat' dir='ltr'><strong><em>de</em></strong></span> <span class='ocrx_word' id='word_1_153' title='bbox 1203 1811 1263 1873; x_wconf 87' lang='lat' dir='ltr'><strong><em>Ge-</em></strong></span> 
     </span>
     <span class='ocr_line' id='line_1_19' title="bbox 148 1893 536 1972; baseline 0.003 -19"><span class='ocrx_word' id='word_1_154' title='bbox 148 1896 207 1954; x_wconf 78' lang='lat' dir='ltr'><strong><em>stis</em></strong></span> <span class='ocrx_word' id='word_1_155' title='bbox 221 1911 325 1970; x_wconf 90' lang='lat' dir='ltr'><strong><em>regum</em></strong></span> <span class='ocrx_word' id='word_1_156' title='bbox 337 1893 456 1972; x_wconf 83' lang='lat' dir='ltr'><strong><em>Angliae</em></strong></span> <span class='ocrx_word' id='word_1_157' title='bbox 469 1915 492 1954; x_wconf 76' lang='lat' dir='ltr'><strong><em>c.</em></strong></span> <span class='ocrx_word' id='word_1_158' title='bbox 509 1900 536 1960; x_wconf 93' lang='lat'><strong><em>1.</em></strong></span> 
     </span>
    </p>

    <p class='ocr_par' dir='ltr' id='par_1_4' title="bbox 149 1989 1267 2545">
     <span class='ocr_line' id='line_1_20' title="bbox 229 1989 1266 2062; baseline 0.002 -18"><span class='ocrx_word' id='word_1_159' title='bbox 229 1991 297 2048; x_wconf 84' lang='lat' dir='ltr'><strong><em>ibid.</em></strong></span> <span class='ocrx_word' id='word_1_160' title='bbox 326 1990 377 2058; x_wconf 71' lang='grc' dir='ltr'><strong><em>τῆς</em></strong></span> <span class='ocrx_word' id='word_1_161' title='bbox 400 1991 557 2060; x_wconf 80' lang='lat' dir='ltr'><strong><em>ncuonocori]</em></strong></span> <span class='ocrx_word' id='word_1_162' title='bbox 580 1989 649 2062; x_wconf 90' lang='lat' dir='ltr'><strong><em>quod</em></strong></span> <span class='ocrx_word' id='word_1_163' title='bbox 671 1991 749 2046; x_wconf 88' lang='lat' dir='ltr'><strong><em>dubie</em></strong></span> <span class='ocrx_word' id='word_1_164' title='bbox 777 1993 935 2060; x_wconf 83' lang='lat' dir='ltr'><strong><em>Gretaerua,</em></strong></span> <span class='ocrx_word' id='word_1_165' title='bbox 965 1996 1052 2045; x_wconf 81' lang='lat' dir='ltr'><strong><em>certus</em></strong></span> <span class='ocrx_word' id='word_1_166' title='bbox 1076 2007 1164 2047; x_wconf 78' lang='lat' dir='ltr'><strong><em>mero</em></strong></span> <span class='ocrx_word' id='word_1_167' title='bbox 1188 1991 1266 2046; x_wconf 77' lang='lat' dir='ltr'><strong><em>«lirae</em></strong></span> 
     </span>
     <span class='ocr_line' id='line_1_21' title="bbox 152 2059 1266 2130; baseline 0 -16"><span class='ocrx_word' id='word_1_168' title='bbox 152 2059 271 2130; x_wconf 80' lang='lat' dir='ltr'><strong><em>virginis</em></strong></span> <span class='ocrx_word' id='word_1_169' title='bbox 286 2059 420 2128; x_wconf 84' lang='lat' dir='ltr'><strong><em>imaginem</em></strong></span> <span class='ocrx_word' id='word_1_170' title='bbox 433 2060 581 2124; x_wconf 68' lang='lat' dir='ltr'><strong><em>ucuoaorori</em></strong></span> <span class='ocrx_word' id='word_1_171' title='bbox 596 2059 696 2114; x_wconf 84' lang='lat' dir='ltr'><strong><em>nomine</em></strong></span> <span class='ocrx_word' id='word_1_172' title='bbox 713 2069 887 2114; x_wconf 70' lang='lat' dir='ltr'><strong><em>eonamtam</em></strong></span> <span class='ocrx_word' id='word_1_173' title='bbox 910 2067 938 2115; x_wconf 88' lang='lat' dir='ltr'><strong><em>et</em></strong></span> <span class='ocrx_word' id='word_1_174' title='bbox 959 2060 985 2112; x_wconf 91' lang='lat' dir='ltr'><strong><em>iu</em></strong></span> <span class='ocrx_word' id='word_1_175' title='bbox 1010 2062 1108 2129; x_wconf 84' lang='lat' dir='ltr'><strong><em>palatio</em></strong></span> <span class='ocrx_word' id='word_1_176' title='bbox 1132 2079 1149 2114; x_wconf 89' lang='lat' dir='ltr'><strong><em>a</em></strong></span> <span class='ocrx_word' id='word_1_177' title='bbox 1169 2062 1266 2114; x_wconf 84' lang='lat' dir='ltr'><strong><em>Ioanne</em></strong></span> 
     </span>
     <span class='ocr_line' id='line_1_22' title="bbox 153 2128 1264 2198; baseline -0.002 -14"><span class='ocrx_word' id='word_1_178' title='bbox 153 2131 294 2184; x_wconf 86' lang='lat' dir='ltr'><strong><em>Coruneno</em></strong></span> <span class='ocrx_word' id='word_1_179' title='bbox 306 2129 451 2198; x_wconf 84' lang='lat' dir='ltr'><strong><em>repositam.</em></strong></span> <span class='ocrx_word' id='word_1_180' title='bbox 469 2136 619 2198; x_wconf 81' lang='lat' dir='ltr'><strong><em>argumento</em></strong></span> <span class='ocrx_word' id='word_1_181' title='bbox 636 2130 695 2186; x_wconf 85' lang='lat' dir='ltr'><strong><em>mihi</em></strong></span> <span class='ocrx_word' id='word_1_182' title='bbox 713 2138 773 2186; x_wconf 83' lang='lat' dir='ltr'><strong><em>nunt</em></strong></span> <span class='ocrx_word' id='word_1_183' title='bbox 788 2129 899 2184; x_wconf 86' lang='lat' dir='ltr'><strong><em>Nioetae</em></strong></span> <span class='ocrx_word' id='word_1_184' title='bbox 925 2128 959 2182; x_wconf 88' lang='lat' dir='ltr'><strong><em>de</em></strong></span> <span class='ocrx_word' id='word_1_185' title='bbox 974 2129 1017 2180; x_wconf 87' lang='lat' dir='ltr'><strong><em>illa</em></strong></span> <span class='ocrx_word' id='word_1_186' title='bbox 1034 2129 1144 2198; x_wconf 82' lang='lat' dir='ltr'><strong><em>imagine</em></strong></span> <span class='ocrx_word' id='word_1_187' title='bbox 1160 2129 1188 2181; x_wconf 90' lang='lat' dir='ltr'><strong><em>in</em></strong></span> <span class='ocrx_word' id='word_1_188' title='bbox 1216 2130 1264 2182; x_wconf 86' lang='lat' dir='ltr'><strong><em>tri·</em></strong></span> 
     </span>
     <span class='ocr_line' id='line_1_23' title="bbox 149 2192 1265 2270; baseline -0.001 -18"><span class='ocrx_word' id='word_1_189' title='bbox 149 2200 281 2270; x_wconf 79' lang='lat' dir='ltr'><strong><em>&#39;umphum</em></strong></span> <span class='ocrx_word' id='word_1_190' title='bbox 298 2203 358 2252; x_wconf 84' lang='lat' dir='ltr'><strong><em>acte</em></strong></span> <span class='ocrx_word' id='word_1_191' title='bbox 373 2196 502 2266; x_wconf 86' lang='lat' dir='ltr'><strong><em>loquentis</em></strong></span> <span class='ocrx_word' id='word_1_192' title='bbox 523 2199 619 2256; x_wconf 78' lang='lat' dir='ltr'><strong><em>rerbae</em></strong></span> <span class='ocrx_word' id='word_1_193' title='bbox 641 2194 693 2259; x_wconf 76' lang='grc' dir='ltr'><strong><em>τὰς</em></strong></span> <span class='ocrx_word' id='word_1_194' title='bbox 716 2197 798 2258; x_wconf 72' lang='lat' dir='ltr'><strong><em>vinae</em></strong></span> <span class='ocrx_word' id='word_1_195' title='bbox 818 2197 856 2268; x_wconf 71' lang='grc' dir='ltr'><strong><em>τῇ</em></strong></span> <span class='ocrx_word' id='word_1_196' title='bbox 877 2192 1033 2265; x_wconf 72' lang='lat' dir='ltr'><strong><em>duoprimas</em></strong></span> <span class='ocrx_word' id='word_1_197' title='bbox 1054 2195 1076 2250; x_wconf 80' lang='lat' dir='ltr'><strong><em>ci</em></strong></span> <span class='ocrx_word' id='word_1_198' title='bbox 1113 2214 1265 2267; x_wconf 76' lang='grc' dir='ltr'><em>συστρατη·</em></span> 
     </span>
     <span class='ocr_line' id='line_1_24' title="bbox 153 2217 1266 2354; baseline 0.001 -33"><span class='ocrx_word' id='word_1_199' title='bbox 153 2263 249 2350; x_wconf 61' lang='grc' dir='ltr'><strong><em>γε’τιιξι</em></strong></span> <span class='ocrx_word' id='word_1_200' title='bbox 265 2261 364 2349; x_wconf 56' lang='grc' dir='ltr'><em>ἆμρὶχῳ</em></span> <span class='ocrx_word' id='word_1_201' title='bbox 382 2258 616 2354; x_wconf 61' lang='lat' dir='ltr'><strong><em>incypapdpque.</em></strong></span> <span class='ocrx_word' id='word_1_202' title='bbox 646 2267 689 2352; x_wconf 74' lang='lat' dir='ltr'><strong><em>gui</em></strong></span> <span class='ocrx_word' id='word_1_203' title='bbox 707 2267 781 2352; x_wconf 73' lang='lat' dir='ltr'><strong><em>etiam</em></strong></span> <span class='ocrx_word' id='word_1_204' title='bbox 800 2265 923 2350; x_wconf 69' lang='lat' dir='ltr'><strong><em>triumphi</em></strong></span> <span class='ocrx_word' id='word_1_205' title='bbox 936 2281 1055 2348; x_wconf 88' lang='lat' dir='ltr'><strong><em>pompam</em></strong></span> <span class='ocrx_word' id='word_1_206' title='bbox 1071 2217 1103 2320; x_wconf 72' lang='lat' dir='ltr'><strong><em>br</em></strong></span> <span class='ocrx_word' id='word_1_207' title='bbox 1119 2267 1175 2320; x_wconf 75' lang='lat' dir='ltr'><strong><em>coin</em></strong></span> <span class='ocrx_word' id='word_1_208' title='bbox 1186 2263 1266 2351; x_wconf 62' lang='lat' dir='ltr'><strong><em>teipsa</em></strong></span> 
     </span>
     <span class='ocr_line' id='line_1_25' title="bbox 151 2329 1267 2494; baseline 0 -35"><span class='ocrx_word' id='word_1_209' title='bbox 151 2339 258 2494; x_wconf 57' lang='lat' dir='ltr'><strong><em>:itti</em></strong></span> <span class='ocrx_word' id='word_1_210' title='bbox 279 2353 330 2491; x_wconf 66' lang='lat' dir='ltr'><strong><em>{bf</em></strong></span> <span class='ocrx_word' id='word_1_211' title='bbox 342 2329 507 2456; x_wconf 59' lang='lat' dir='ltr'><strong><em>cittii</em></strong></span> <span class='ocrx_word' id='word_1_212' title='bbox 523 2353 602 2487; x_wconf 53' lang='lat' dir='ltr'><strong><em>tft’,</em></strong></span> <span class='ocrx_word' id='word_1_213' title='bbox 624 2336 1043 2488; x_wconf 60' lang='lat' dir='ltr'><strong><em>titilli‘ttt‘itnllib</em></strong></span> <span class='ocrx_word' id='word_1_214' title='bbox 1065 2333 1267 2477; x_wconf 59' lang='lat' dir='ltr'><strong><em>iiiiii</em></strong></span> 
     </span>
     <span class='ocr_line' id='line_1_26' title="bbox 153 2481 1142 2545; baseline 0 -17"><span class='ocrx_word' id='word_1_215' title='bbox 153 2487 375 2544; x_wconf 67' lang='lat' dir='ltr'><strong><em>uuucuynucorgo</em></strong></span> <span class='ocrx_word' id='word_1_216' title='bbox 392 2488 569 2545; x_wconf 72' lang='lat' dir='ltr'><strong><em>ouccournyp</em></strong></span> <span class='ocrx_word' id='word_1_217' title='bbox 585 2481 676 2528; x_wconf 75' lang='lat' dir='ltr'><strong><em>menet.</em></strong></span> <span class='ocrx_word' id='word_1_218' title='bbox 1138 2481 1142 2486; x_wconf 78' lang='grc'><em>’</em></span> 
     </span>
    </p>

    <p class='ocr_par' dir='ltr' id='par_1_5' title="bbox 151 2559 1266 3488">
     <span class='ocr_line' id='line_1_27' title="bbox 246 2559 1266 2639; baseline 0 -19"><span class='ocrx_word' id='word_1_219' title='bbox 246 2562 283 2620; x_wconf 85' lang='lat' dir='ltr'><strong><em>ib.</em></strong></span> <span class='ocrx_word' id='word_1_220' title='bbox 297 2580 324 2619; x_wconf 84' lang='lat' dir='ltr'><strong><em>v.</em></strong></span> <span class='ocrx_word' id='word_1_221' title='bbox 336 2563 384 2624; x_wconf 89' lang='grc'><strong><em>17.</em></strong></span> <span class='ocrx_word' id='word_1_222' title='bbox 405 2560 436 2618; x_wconf 88' lang='lat' dir='ltr'><strong><em>S.</em></strong></span> <span class='ocrx_word' id='word_1_223' title='bbox 447 2560 563 2638; x_wconf 87' lang='lat' dir='ltr'><strong><em>Georgii</em></strong></span> <span class='ocrx_word' id='word_1_224' title='bbox 577 2560 681 2639; x_wconf 85' lang='lat' dir='ltr'><strong><em>imago]</em></strong></span> <span class='ocrx_word' id='word_1_225' title='bbox 699 2560 818 2622; x_wconf 85' lang='lat' dir='ltr'><strong><em>forsitan</em></strong></span> <span class='ocrx_word' id='word_1_226' title='bbox 828 2559 898 2620; x_wconf 83' lang='lat' dir='ltr'><strong><em>haet</em></strong></span> <span class='ocrx_word' id='word_1_227' title='bbox 911 2559 961 2619; x_wconf 92' lang='lat' dir='ltr'><strong><em>illa</em></strong></span> <span class='ocrx_word' id='word_1_228' title='bbox 974 2566 1064 2619; x_wconf 83' lang='lat' dir='ltr'><strong><em>estex</em></strong></span> <span class='ocrx_word' id='word_1_229' title='bbox 1078 2578 1135 2636; x_wconf 90' lang='lat' dir='ltr'><strong><em>qua</em></strong></span> <span class='ocrx_word' id='word_1_230' title='bbox 1149 2561 1266 2639; x_wconf 87' lang='lat' dir='ltr'><strong><em>sangui-</em></strong></span> 
     </span>
     <span class='ocr_line' id='line_1_28' title="bbox 155 2645 1265 2724; baseline -0.002 -16"><span class='ocrx_word' id='word_1_231' title='bbox 155 2665 229 2708; x_wconf 90' lang='lat' dir='ltr'><strong><em>nem</em></strong></span> <span class='ocrx_word' id='word_1_232' title='bbox 239 2653 369 2706; x_wconf 82' lang='lat' dir='ltr'><strong><em>manasse</em></strong></span> <span class='ocrx_word' id='word_1_233' title='bbox 382 2646 480 2705; x_wconf 88' lang='lat' dir='ltr'><strong><em>scribit</em></strong></span> <span class='ocrx_word' id='word_1_234' title='bbox 492 2645 676 2724; x_wconf 81' lang='lat' dir='ltr'><strong><em>Pachymeres</em></strong></span> <span class='ocrx_word' id='word_1_235' title='bbox 690 2645 708 2704; x_wconf 85' lang='lat' dir='ltr'><strong><em>l</em></strong></span> <span class='ocrx_word' id='word_1_236' title='bbox 723 2651 742 2710; x_wconf 85' lang='lat'>7</span> <span class='ocrx_word' id='word_1_237' title='bbox 757 2646 856 2705; x_wconf 82' lang='lat' dir='ltr'><strong><em>histor.</em></strong></span> <span class='ocrx_word' id='word_1_238' title='bbox 875 2650 952 2703; x_wconf 91' lang='lat' dir='ltr'><strong><em>certe</em></strong></span> <span class='ocrx_word' id='word_1_239' title='bbox 965 2645 1069 2704; x_wconf 82' lang='lat' dir='ltr'><strong><em>illaesi</em></strong></span> <span class='ocrx_word' id='word_1_240' title='bbox 1082 2647 1159 2706; x_wconf 90' lang='lat' dir='ltr'><strong><em>cuius</em></strong></span> <span class='ocrx_word' id='word_1_241' title='bbox 1174 2666 1265 2724; x_wconf 83' lang='lat' dir='ltr'><strong><em>equus</em></strong></span> 
     </span>
     <span class='ocr_line' id='line_1_29' title="bbox 156 2728 1265 2813; baseline 0.001 -22"><span class='ocrx_word' id='word_1_242' title='bbox 156 2728 300 2813; x_wconf 87' lang='lat' dir='ltr'><strong><em>(equitem</em></strong></span> <span class='ocrx_word' id='word_1_243' title='bbox 318 2732 392 2790; x_wconf 90' lang='lat' dir='ltr'><strong><em>euim</em></strong></span> <span class='ocrx_word' id='word_1_244' title='bbox 409 2730 479 2790; x_wconf 87' lang='lat' dir='ltr'><strong><em>haec</em></strong></span> <span class='ocrx_word' id='word_1_245' title='bbox 493 2733 589 2810; x_wconf 86' lang='lat' dir='ltr'><strong><em>imago</em></strong></span> <span class='ocrx_word' id='word_1_246' title='bbox 609 2733 640 2790; x_wconf 86' lang='lat' dir='ltr'><strong><em>S.</em></strong></span> <span class='ocrx_word' id='word_1_247' title='bbox 665 2731 820 2808; x_wconf 87' lang='lat' dir='ltr'><strong><em>Georgium</em></strong></span> <span class='ocrx_word' id='word_1_248' title='bbox 840 2728 1002 2809; x_wconf 83' lang='lat' dir='ltr'><strong><em>exhibebat)</em></strong></span> <span class='ocrx_word' id='word_1_249' title='bbox 1030 2730 1172 2791; x_wconf 89' lang='lat' dir='ltr'><strong><em>horrendo</em></strong></span> <span class='ocrx_word' id='word_1_250' title='bbox 1196 2752 1265 2812; x_wconf 91' lang='lat' dir='ltr'><strong><em>pro-</em></strong></span> 
     </span>
     <span class='ocr_line' id='line_1_30' title="bbox 154 2813 1266 2896; baseline 0.002 -20"><span class='ocrx_word' id='word_1_251' title='bbox 154 2819 238 2896; x_wconf 90' lang='lat' dir='ltr'><strong><em>digio</em></strong></span> <span class='ocrx_word' id='word_1_252' title='bbox 259 2814 416 2876; x_wconf 86' lang='lat' dir='ltr'><strong><em>horrificum</em></strong></span> <span class='ocrx_word' id='word_1_253' title='bbox 436 2816 576 2875; x_wconf 87' lang='lat' dir='ltr'><strong><em>hinnitum</em></strong></span> <span class='ocrx_word' id='word_1_254' title='bbox 590 2816 680 2875; x_wconf 89' lang='lat' dir='ltr'><strong><em>edidit</em></strong></span> <span class='ocrx_word' id='word_1_255' title='bbox 699 2816 753 2874; x_wconf 89' lang='lat' dir='ltr'><strong><em>sub</em></strong></span> <span class='ocrx_word' id='word_1_256' title='bbox 774 2813 937 2874; x_wconf 85' lang='lat' dir='ltr'><strong><em>Andronico</em></strong></span> <span class='ocrx_word' id='word_1_257' title='bbox 955 2815 1065 2874; x_wconf 87' lang='lat' dir='ltr'><strong><em>seniore</em></strong></span> <span class='ocrx_word' id='word_1_258' title='bbox 1084 2816 1266 2896; x_wconf 86' lang='lat' dir='ltr'><strong><em>imperatore,</em></strong></span> 
     </span>
     <span class='ocr_line' id='line_1_31' title="bbox 151 2899 1265 2982; baseline 0.003 -24"><span class='ocrx_word' id='word_1_259' title='bbox 151 2903 246 2982; x_wconf 76' lang='lat' dir='ltr'><strong><em>‚paulo</em></strong></span> <span class='ocrx_word' id='word_1_260' title='bbox 270 2907 337 2962; x_wconf 89' lang='lat' dir='ltr'><strong><em>ante</em></strong></span> <span class='ocrx_word' id='word_1_261' title='bbox 358 2919 443 2978; x_wconf 86' lang='lat' dir='ltr'><strong><em>quam</em></strong></span> <span class='ocrx_word' id='word_1_262' title='bbox 460 2901 551 2960; x_wconf 90' lang='lat' dir='ltr'><strong><em>iunior</em></strong></span> <span class='ocrx_word' id='word_1_263' title='bbox 570 2899 748 2960; x_wconf 81' lang='lat' dir='ltr'><strong><em>Andronicus</em></strong></span> <span class='ocrx_word' id='word_1_264' title='bbox 768 2899 882 2979; x_wconf 88' lang='lat' dir='ltr'><strong><em>Cpolim</em></strong></span> <span class='ocrx_word' id='word_1_265' title='bbox 902 2906 1060 2980; x_wconf 83' lang='lat' dir='ltr'><strong><em>occuparet</em></strong></span> <span class='ocrx_word' id='word_1_266' title='bbox 1103 2903 1265 2980; x_wconf 88' lang='lat' dir='ltr'><strong><em>prodigium</em></strong></span> 
     </span>
     <span class='ocr_line' id='line_1_32' title="bbox 155 2985 1266 3066; baseline -0.001 -19"><span class='ocrx_word' id='word_1_267' title='bbox 155 2987 216 3047; x_wconf 89' lang='lat' dir='ltr'><strong><em>hoc</em></strong></span> <span class='ocrx_word' id='word_1_268' title='bbox 229 2987 361 3046; x_wconf 89' lang='lat' dir='ltr'><strong><em>describit</em></strong></span> <span class='ocrx_word' id='word_1_269' title='bbox 374 2986 517 3066; x_wconf 88' lang='lat' dir='ltr'><strong><em>Gregoras</em></strong></span> <span class='ocrx_word' id='word_1_270' title='bbox 531 2986 550 3046; x_wconf 94' lang='lat' dir='ltr'><strong><em>l.</em></strong></span> <span class='ocrx_word' id='word_1_271' title='bbox 564 2991 585 3052; x_wconf 89' lang='lat'>8</span> <span class='ocrx_word' id='word_1_272' title='bbox 600 3008 628 3066; x_wconf 92' lang='lat' dir='ltr'><strong><em>p.</em></strong></span> <span class='ocrx_word' id='word_1_273' title='bbox 644 2986 705 3051; x_wconf 79' lang='lat'><strong><em>303</em></strong></span> <span class='ocrx_word' id='word_1_274' title='bbox 719 2985 812 3044; x_wconf 83' lang='lat' dir='ltr'><strong><em>Bona.</em></strong></span> <span class='ocrx_word' id='word_1_275' title='bbox 853 3003 889 3044; x_wconf 86' lang='lat' dir='ltr'><strong><em>ex</em></strong></span> <span class='ocrx_word' id='word_1_276' title='bbox 910 2985 987 3044; x_wconf 88' lang='lat' dir='ltr'><strong><em>cuius</em></strong></span> <span class='ocrx_word' id='word_1_277' title='bbox 1002 2987 1164 3045; x_wconf 86' lang='lat' dir='ltr'><strong><em>narratione</em></strong></span> <span class='ocrx_word' id='word_1_278' title='bbox 1176 2987 1266 3046; x_wconf 85' lang='lat' dir='ltr'><strong><em>habes</em></strong></span> 
     </span>
     <span class='ocr_line' id='line_1_33' title="bbox 157 3066 1266 3150; baseline -0.001 -20"><span class='ocrx_word' id='word_1_279' title='bbox 157 3069 236 3130; x_wconf 88' lang='lat' dir='ltr'><strong><em>hane</em></strong></span> <span class='ocrx_word' id='word_1_280' title='bbox 258 3070 295 3129; x_wconf 93' lang='lat' dir='ltr'><strong><em>D.</em></strong></span> <span class='ocrx_word' id='word_1_281' title='bbox 315 3071 431 3147; x_wconf 84' lang='lat' dir='ltr'><strong><em>Georgii</em></strong></span> <span class='ocrx_word' id='word_1_282' title='bbox 450 3078 609 3147; x_wconf 87' lang='lat' dir='ltr'><strong><em>equestrem</em></strong></span> <span class='ocrx_word' id='word_1_283' title='bbox 629 3071 795 3148; x_wconf 85' lang='lat' dir='ltr'><strong><em>imaginem,</em></strong></span> <span class='ocrx_word' id='word_1_284' title='bbox 822 3074 905 3129; x_wconf 88' lang='lat' dir='ltr'><strong><em>tanto</em></strong></span> <span class='ocrx_word' id='word_1_285' title='bbox 925 3071 1058 3136; x_wconf 77' lang='lat' dir='ltr'><strong><em>muamrlo</em></strong></span> <span class='ocrx_word' id='word_1_286' title='bbox 1078 3066 1266 3150; x_wconf 82' lang='lat' dir='ltr'><strong><em>nobilitatam,</em></strong></span> 
     </span>
     <span class='ocr_line' id='line_1_34' title="bbox 158 3151 1253 3235; baseline 0 -21"><span class='ocrx_word' id='word_1_287' title='bbox 158 3172 226 3214; x_wconf 87' lang='lat' dir='ltr'><strong><em>esse</em></strong></span> <span class='ocrx_word' id='word_1_288' title='bbox 238 3154 313 3214; x_wconf 91' lang='lat' dir='ltr'><strong><em>illam</em></strong></span> <span class='ocrx_word' id='word_1_289' title='bbox 327 3157 363 3214; x_wconf 90' lang='lat' dir='ltr'><strong><em>de</em></strong></span> <span class='ocrx_word' id='word_1_290' title='bbox 378 3172 435 3231; x_wconf 92' lang='lat' dir='ltr'><strong><em>qua</em></strong></span> <span class='ocrx_word' id='word_1_291' title='bbox 446 3157 491 3215; x_wconf 90' lang='lat' dir='ltr'><strong><em>hio</em></strong></span> <span class='ocrx_word' id='word_1_292' title='bbox 504 3154 687 3235; x_wconf 86' lang='lat' dir='ltr'><strong><em>Curopalata.</em></strong></span> <span class='ocrx_word' id='word_1_293' title='bbox 728 3155 794 3212; x_wconf 86' lang='lat' dir='ltr'><strong><em>vide</em></strong></span> <span class='ocrx_word' id='word_1_294' title='bbox 806 3173 880 3230; x_wconf 90' lang='lat' dir='ltr'><strong><em>quae</em></strong></span> <span class='ocrx_word' id='word_1_295' title='bbox 897 3151 935 3211; x_wconf 93' lang='lat' dir='ltr'><strong><em>de</em></strong></span> <span class='ocrx_word' id='word_1_296' title='bbox 956 3156 986 3213; x_wconf 87' lang='lat' dir='ltr'><strong><em>S.</em></strong></span> <span class='ocrx_word' id='word_1_297' title='bbox 1008 3154 1133 3230; x_wconf 85' lang='lat' dir='ltr'><strong><em>Georgia</em></strong></span> <span class='ocrx_word' id='word_1_298' title='bbox 1153 3157 1253 3233; x_wconf 85' lang='lat' dir='ltr'><strong><em>scripsi</em></strong></span> 
     </span>
     <span class='ocr_line' id='line_1_35' title="bbox 159 3233 1266 3306; baseline 0.003 -9"><span class='ocrx_word' id='word_1_299' title='bbox 159 3258 226 3300; x_wconf 88' lang='lat' dir='ltr'><strong><em>mus</em></strong></span> <span class='ocrx_word' id='word_1_300' title='bbox 240 3233 258 3297; x_wconf 92' lang='lat' dir='ltr'><strong><em>l.</em></strong></span> <span class='ocrx_word' id='word_1_301' title='bbox 273 3240 340 3300; x_wconf 68' lang='lat' dir='ltr'><strong><em>ide</em></strong></span> <span class='ocrx_word' id='word_1_302' title='bbox 354 3239 434 3298; x_wconf 86' lang='lat' dir='ltr'><strong><em>iestis</em></strong></span> <span class='ocrx_word' id='word_1_303' title='bbox 448 3263 470 3301; x_wconf 92' lang='lat' dir='ltr'><strong><em>c.</em></strong></span> <span class='ocrx_word' id='word_1_304' title='bbox 485 3247 514 3306; x_wconf 79' lang='lat'><strong><em>6.</em></strong></span> <span class='ocrx_word' id='word_1_305' title='bbox 556 3240 670 3300; x_wconf 86' lang='lat' dir='ltr'><strong><em>consule</em></strong></span> <span class='ocrx_word' id='word_1_306' title='bbox 682 3239 768 3298; x_wconf 88' lang='lat' dir='ltr'><strong><em>etiam</em></strong></span> <span class='ocrx_word' id='word_1_307' title='bbox 781 3237 979 3298; x_wconf 75' lang='lat' dir='ltr'><strong><em>adamannum</em></strong></span> <span class='ocrx_word' id='word_1_308' title='bbox 992 3239 1110 3296; x_wconf 84' lang='lat' dir='ltr'><strong><em>Scotum</em></strong></span> <span class='ocrx_word' id='word_1_309' title='bbox 1123 3237 1266 3300; x_wconf 84' lang='lat' dir='ltr'><strong><em>Abbatem</em></strong></span> 
     </span>
     <span class='ocr_line' id='line_1_36' title="bbox 161 3321 1266 3403; baseline 0.001 -19"><span class='ocrx_word' id='word_1_310' title='bbox 161 3327 201 3384; x_wconf 87' lang='lat' dir='ltr'><strong><em>de</em></strong></span> <span class='ocrx_word' id='word_1_311' title='bbox 221 3323 279 3382; x_wconf 88' lang='lat' dir='ltr'><strong><em>situ</em></strong></span> <span class='ocrx_word' id='word_1_312' title='bbox 300 3321 406 3382; x_wconf 84' lang='lat' dir='ltr'><strong><em>Terrae</em></strong></span> <span class='ocrx_word' id='word_1_313' title='bbox 424 3331 553 3402; x_wconf 84' lang='lat' dir='ltr'><strong><em>sauctae,</em></strong></span> <span class='ocrx_word' id='word_1_314' title='bbox 582 3343 672 3403; x_wconf 88' lang='lat' dir='ltr'><strong><em>nuper</em></strong></span> <span class='ocrx_word' id='word_1_315' title='bbox 695 3341 714 3382; x_wconf 90' lang='lat' dir='ltr'><strong><em>a</em></strong></span> <span class='ocrx_word' id='word_1_316' title='bbox 738 3323 821 3382; x_wconf 90' lang='lat' dir='ltr'><strong><em>nobis</em></strong></span> <span class='ocrx_word' id='word_1_317' title='bbox 840 3322 964 3401; x_wconf 85' lang='lat' dir='ltr'><strong><em>editum,</em></strong></span> <span class='ocrx_word' id='word_1_318' title='bbox 987 3321 1060 3401; x_wconf 83' lang='lat' dir='ltr'><strong><em>l.8,</em></strong></span> <span class='ocrx_word' id='word_1_319' title='bbox 1080 3322 1128 3383; x_wconf 91' lang='lat' dir='ltr'><strong><em>ubi</em></strong></span> <span class='ocrx_word' id='word_1_320' title='bbox 1143 3325 1214 3384; x_wconf 88' lang='lat' dir='ltr'><strong><em>mira</em></strong></span> <span class='ocrx_word' id='word_1_321' title='bbox 1228 3326 1266 3388; x_wconf 90' lang='lat' dir='ltr'><strong><em>de</em></strong></span> 
     </span>
     <span class='ocr_line' id='line_1_37' title="bbox 161 3405 840 3488; baseline -0.003 -20"><span class='ocrx_word' id='word_1_322' title='bbox 161 3410 287 3488; x_wconf 87' lang='lat' dir='ltr'><strong><em>quadam</em></strong></span> <span class='ocrx_word' id='word_1_323' title='bbox 301 3409 332 3466; x_wconf 86' lang='lat' dir='ltr'><strong><em>S.</em></strong></span> <span class='ocrx_word' id='word_1_324' title='bbox 348 3407 462 3486; x_wconf 83' lang='lat' dir='ltr'><strong><em>Georgii</em></strong></span> <span class='ocrx_word' id='word_1_325' title='bbox 474 3411 595 3488; x_wconf 89' lang='lat' dir='ltr'><strong><em>imagine</em></strong></span> <span class='ocrx_word' id='word_1_326' title='bbox 609 3409 738 3488; x_wconf 70' lang='lat' dir='ltr'><strong><em>reperies.</em></strong></span> <span class='ocrx_word' id='word_1_327' title='bbox 835 3405 840 3415; x_wconf 87' lang='grc'><em>’</em></span> 
     </span>
    </p>

    <p class='ocr_par' dir='ltr' id='par_1_6' title="bbox 158 3507 1269 3930">
     <span class='ocr_line' id='line_1_38' title="bbox 249 3507 1268 3591; baseline 0.001 -21"><span class='ocrx_word' id='word_1_328' title='bbox 249 3509 284 3570; x_wconf 85' lang='lat' dir='ltr'><strong><em>ib.</em></strong></span> <span class='ocrx_word' id='word_1_329' title='bbox 307 3529 334 3568; x_wconf 83' lang='lat' dir='ltr'><strong><em>r.</em></strong></span> <span class='ocrx_word' id='word_1_330' title='bbox 355 3509 405 3573; x_wconf 71' lang='lat'><strong><em>20.</em></strong></span> <span class='ocrx_word' id='word_1_331' title='bbox 438 3509 589 3590; x_wconf 87' lang='lat' dir='ltr'><strong><em>peripaton</em></strong></span> <span class='ocrx_word' id='word_1_332' title='bbox 608 3507 782 3569; x_wconf 77' lang='lat' dir='ltr'><strong><em>commodius</em></strong></span> <span class='ocrx_word' id='word_1_333' title='bbox 809 3524 869 3566; x_wconf 92' lang='lat' dir='ltr'><strong><em>non</em></strong></span> <span class='ocrx_word' id='word_1_334' title='bbox 888 3511 981 3566; x_wconf 80' lang='lat' dir='ltr'><strong><em>vertes</em></strong></span> <span class='ocrx_word' id='word_1_335' title='bbox 1003 3509 1133 3584; x_wconf 86' lang='lat' dir='ltr'><strong><em>quamsi</em></strong></span> <span class='ocrx_word' id='word_1_336' title='bbox 1153 3529 1268 3591; x_wconf 86' lang='lat' dir='ltr'><strong><em>proces-</em></strong></span> 
     </span>
     <span class='ocr_line' id='line_1_39' title="bbox 162 3591 1269 3672; baseline -0.001 -15"><span class='ocrx_word' id='word_1_337' title='bbox 162 3597 272 3658; x_wconf 86' lang='lat' dir='ltr'><strong><em>sionem</em></strong></span> <span class='ocrx_word' id='word_1_338' title='bbox 287 3599 397 3653; x_wconf 85' lang='lat' dir='ltr'><strong><em>vertas:</em></strong></span> <span class='ocrx_word' id='word_1_339' title='bbox 416 3600 462 3652; x_wconf 89' lang='lat' dir='ltr'><strong><em>est</em></strong></span> <span class='ocrx_word' id='word_1_340' title='bbox 474 3595 548 3653; x_wconf 89' lang='lat' dir='ltr'><strong><em>enim</em></strong></span> <span class='ocrx_word' id='word_1_341' title='bbox 563 3595 593 3654; x_wconf 93' lang='lat' dir='ltr'><strong><em>id</em></strong></span> <span class='ocrx_word' id='word_1_342' title='bbox 613 3595 689 3670; x_wconf 91' lang='lat' dir='ltr'><strong><em>quod</em></strong></span> <span class='ocrx_word' id='word_1_343' title='bbox 704 3591 840 3652; x_wconf 88' lang='lat' dir='ltr'><strong><em>Germani</em></strong></span> <span class='ocrx_word' id='word_1_344' title='bbox 852 3599 956 3651; x_wconf 87' lang='lat' dir='ltr'><strong><em>vocant</em></strong></span> <span class='ocrx_word' id='word_1_345' title='bbox 969 3591 1018 3652; x_wconf 85' lang='lat' dir='ltr'><strong><em>den</em></strong></span> <span class='ocrx_word' id='word_1_346' title='bbox 1030 3596 1174 3672; x_wconf 88' lang='lat' dir='ltr'><strong><em>urnbgang.</em></strong></span> <span class='ocrx_word' id='word_1_347' title='bbox 1203 3599 1269 3656; x_wconf 86' lang='lat' dir='ltr'><strong><em>vide</em></strong></span> 
     </span>
     <span class='ocr_line' id='line_1_40' title="bbox 162 3667 1268 3759; baseline -0.001 -19"><span class='ocrx_word' id='word_1_348' title='bbox 162 3700 238 3759; x_wconf 89' lang='lat' dir='ltr'><strong><em>quae</em></strong></span> <span class='ocrx_word' id='word_1_349' title='bbox 247 3680 302 3739; x_wconf 89' lang='lat' dir='ltr'><strong><em>hac</em></strong></span> <span class='ocrx_word' id='word_1_350' title='bbox 315 3682 351 3737; x_wconf 88' lang='lat' dir='ltr'><strong><em>de</em></strong></span> <span class='ocrx_word' id='word_1_351' title='bbox 365 3696 396 3736; x_wconf 92' lang='lat' dir='ltr'><strong><em>re</em></strong></span> <span class='ocrx_word' id='word_1_352' title='bbox 410 3667 527 3737; x_wconf 74' lang='lat' dir='ltr'><strong><em>dimmus</em></strong></span> <span class='ocrx_word' id='word_1_353' title='bbox 538 3678 557 3737; x_wconf 94' lang='lat' dir='ltr'><strong><em>l.</em></strong></span> <span class='ocrx_word' id='word_1_354' title='bbox 573 3682 591 3742; x_wconf 90' lang='lat'>1</span> <span class='ocrx_word' id='word_1_355' title='bbox 605 3679 641 3737; x_wconf 90' lang='lat' dir='ltr'><strong><em>de</em></strong></span> <span class='ocrx_word' id='word_1_356' title='bbox 655 3677 741 3737; x_wconf 85' lang='lat' dir='ltr'><strong><em>sacris</em></strong></span> <span class='ocrx_word' id='word_1_357' title='bbox 763 3678 1005 3757; x_wconf 74' lang='lat' dir='ltr'><strong><em>processionibus,</em></strong></span> <span class='ocrx_word' id='word_1_358' title='bbox 1023 3700 1046 3738; x_wconf 84' lang='lat' dir='ltr'><strong><em>c.</em></strong></span> <span class='ocrx_word' id='word_1_359' title='bbox 1072 3684 1098 3742; x_wconf 88' lang='lat'><strong><em>1.</em></strong></span> <span class='ocrx_word' id='word_1_360' title='bbox 1119 3679 1215 3741; x_wconf 89' lang='lat' dir='ltr'><strong><em>lunius</em></strong></span> <span class='ocrx_word' id='word_1_361' title='bbox 1237 3690 1268 3743; x_wconf 87' lang='lat' dir='ltr'><strong><em>et</em></strong></span> 
     </span>
     <span class='ocr_line' id='line_1_41' title="bbox 158 3763 1267 3850; baseline 0.003 -25"><span class='ocrx_word' id='word_1_362' title='bbox 158 3768 269 3842; x_wconf 86' lang='lat' dir='ltr'><strong><em>ubique</em></strong></span> <span class='ocrx_word' id='word_1_363' title='bbox 287 3764 408 3826; x_wconf 87' lang='lat' dir='ltr'><strong><em>ambulat</em></strong></span> <span class='ocrx_word' id='word_1_364' title='bbox 423 3769 453 3822; x_wconf 88' lang='lat' dir='ltr'><strong><em>et</em></strong></span> <span class='ocrx_word' id='word_1_365' title='bbox 466 3764 658 3823; x_wconf 79' lang='lat' dir='ltr'><strong><em>ambulationes</em></strong></span> <span class='ocrx_word' id='word_1_366' title='bbox 668 3763 806 3841; x_wconf 88' lang='lat' dir='ltr'><strong><em>somniat,</em></strong></span> <span class='ocrx_word' id='word_1_367' title='bbox 827 3768 860 3821; x_wconf 87' lang='lat' dir='ltr'><strong><em>ut</em></strong></span> <span class='ocrx_word' id='word_1_368' title='bbox 879 3782 985 3823; x_wconf 89' lang='lat' dir='ltr'><strong><em>morem</em></strong></span> <span class='ocrx_word' id='word_1_369' title='bbox 998 3767 1140 3826; x_wconf 74' lang='lat' dir='ltr'><strong><em>sacrarum</em></strong></span> <span class='ocrx_word' id='word_1_370' title='bbox 1152 3787 1267 3850; x_wconf 83' lang='lat' dir='ltr'><strong><em>procea-</em></strong></span> 
     </span>
     <span class='ocr_line' id='line_1_42' title="bbox 163 3848 887 3930; baseline -0.006 -19"><span class='ocrx_word' id='word_1_371' title='bbox 163 3853 274 3911; x_wconf 90' lang='lat' dir='ltr'><strong><em>sionum</em></strong></span> <span class='ocrx_word' id='word_1_372' title='bbox 286 3848 521 3930; x_wconf 88' lang='lat' dir='ltr'><strong><em>supplicationum</em></strong></span> <span class='ocrx_word' id='word_1_373' title='bbox 531 3855 561 3908; x_wconf 91' lang='lat' dir='ltr'><strong><em>et</em></strong></span> <span class='ocrx_word' id='word_1_374' title='bbox 578 3848 736 3909; x_wconf 86' lang='lat' dir='ltr'><strong><em>litaniarum</em></strong></span> <span class='ocrx_word' id='word_1_375' title='bbox 750 3850 887 3908; x_wconf 84' lang='lat' dir='ltr'><strong><em>obfuscet.</em></strong></span> 
     </span>
    </p>
   </div>
   <div class='ocr_carea' id='block_1_3' title="bbox 162 3941 1268 4340">
    <p class='ocr_par' dir='ltr' id='par_1_7' title="bbox 162 3941 1268 4254">
     <span class='ocr_line' id='line_1_43' title="bbox 221 3941 1266 4030; baseline 0.002 -30"><span class='ocrx_word' id='word_1_376' title='bbox 221 3945 270 4000; x_wconf 80' lang='lat' dir='ltr'><strong><em>ib.</em></strong></span> <span class='ocrx_word' id='word_1_377' title='bbox 287 3965 314 4000; x_wconf 83' lang='lat' dir='ltr'><strong><em>v.</em></strong></span> <span class='ocrx_word' id='word_1_378' title='bbox 332 3947 375 4003; x_wconf 78' lang='lat' dir='ltr'><strong><em>al.</em></strong></span> <span class='ocrx_word' id='word_1_379' title='bbox 400 3941 495 4029; x_wconf 66' lang='lat' dir='ltr'><strong><em>trebel</em></strong></span> <span class='ocrx_word' id='word_1_380' title='bbox 516 3945 565 4000; x_wconf 85' lang='lat' dir='ltr'><strong><em>hac</em></strong></span> <span class='ocrx_word' id='word_1_381' title='bbox 589 3963 664 4030; x_wconf 70' lang='lat' dir='ltr'><strong><em>voce⁶</em></strong></span> <span class='ocrx_word' id='word_1_382' title='bbox 678 3963 729 4000; x_wconf 89' lang='lat' dir='ltr'><strong><em>non</em></strong></span> <span class='ocrx_word' id='word_1_383' title='bbox 753 3947 847 4001; x_wconf 89' lang='lat' dir='ltr'><strong><em>nudam</em></strong></span> <span class='ocrx_word' id='word_1_384' title='bbox 876 3947 1107 4029; x_wconf 73' lang='lat' dir='ltr'><strong><em>supplicationem,</em></strong></span> <span class='ocrx_word' id='word_1_385' title='bbox 1132 3949 1178 4004; x_wconf 82' lang='lat' dir='ltr'><strong><em>aed</em></strong></span> <span class='ocrx_word' id='word_1_386' title='bbox 1199 3949 1266 4003; x_wconf 85' lang='lat' dir='ltr'><strong><em>inter</em></strong></span> 
     </span>
     <span class='ocr_line' id='line_1_44' title="bbox 162 4015 1268 4154; baseline 0.003 -84"><span class='ocrx_word' id='word_1_387' title='bbox 162 4017 452 4154; x_wconf 49' lang='lat' dir='ltr'><strong><em>fflffilzfflssfflfm</em></strong></span> <span class='ocrx_word' id='word_1_388' title='bbox 473 4032 531 4071; x_wconf 82' lang='lat' dir='ltr'><strong><em>mre</em></strong></span> <span class='ocrx_word' id='word_1_389' title='bbox 553 4032 750 4086; x_wconf 61' lang='lat' dir='ltr'><strong><em>procurarem,</em></strong></span> <span class='ocrx_word' id='word_1_390' title='bbox 775 4016 914 4086; x_wconf 76' lang='lat' dir='ltr'><strong><em>significan</em></strong></span> <span class='ocrx_word' id='word_1_391' title='bbox 929 4015 1025 4071; x_wconf 61' lang='lat' dir='ltr'><strong><em>morte</em></strong></span> <span class='ocrx_word' id='word_1_392' title='bbox 1041 4021 1208 4072; x_wconf 81' lang='lat' dir='ltr'><strong><em>monstratum</em></strong></span> <span class='ocrx_word' id='word_1_393' title='bbox 1225 4021 1268 4073; x_wconf 82' lang='lat' dir='ltr'><strong><em>eat</em></strong></span> 
     </span>
     <span class='ocr_line' id='line_1_45' title="bbox 251 4173 1267 4254; baseline 0.005 -23"><span class='ocrx_word' id='word_1_394' title='bbox 251 4192 279 4250; x_wconf 93' lang='lat' dir='ltr'><strong><em>p.</em></strong></span> <span class='ocrx_word' id='word_1_395' title='bbox 294 4176 337 4237; x_wconf 85' lang='lat'><strong><em>70</em></strong></span> <span class='ocrx_word' id='word_1_396' title='bbox 346 4193 371 4232; x_wconf 92' lang='lat' dir='ltr'><strong><em>v.</em></strong></span> <span class='ocrx_word' id='word_1_397' title='bbox 386 4177 413 4238; x_wconf 85' lang='grc'><strong><em>8.</em></strong></span> <span class='ocrx_word' id='word_1_398' title='bbox 436 4175 473 4232; x_wconf 89' lang='lat' dir='ltr'><strong><em>de</em></strong></span> <span class='ocrx_word' id='word_1_399' title='bbox 492 4174 614 4252; x_wconf 89' lang='lat' dir='ltr'><strong><em>imagine</em></strong></span> <span class='ocrx_word' id='word_1_400' title='bbox 633 4175 748 4252; x_wconf 85' lang='lat' dir='ltr'><strong><em>virginis</em></strong></span> <span class='ocrx_word' id='word_1_401' title='bbox 767 4175 959 4254; x_wconf 87' lang='lat' dir='ltr'><strong><em>Hodegetriae</em></strong></span> <span class='ocrx_word' id='word_1_402' title='bbox 977 4197 1000 4235; x_wconf 84' lang='lat' dir='ltr'><strong><em>c.</em></strong></span> <span class='ocrx_word' id='word_1_403' title='bbox 1022 4193 1082 4250; x_wconf 89' lang='lat' dir='ltr'><strong><em>seq.</em></strong></span> <span class='ocrx_word' id='word_1_404' title='bbox 1096 4174 1179 4253; x_wconf 91' lang='lat' dir='ltr'><strong><em>plura</em></strong></span> <span class='ocrx_word' id='word_1_405' title='bbox 1191 4173 1267 4253; x_wconf 81' lang='lat' dir='ltr'><strong><em>ipae-</em></strong></span> 
     </span>
    </p>

    <p class='ocr_par' dir='ltr' id='par_1_8' title="bbox 166 4257 1267 4340">
     <span class='ocr_line' id='line_1_46' title="bbox 166 4257 1267 4340; baseline 0.006 -22"><span class='ocrx_word' id='word_1_406' title='bbox 166 4261 226 4318; x_wconf 90' lang='lat' dir='ltr'><strong><em>met</em></strong></span> <span class='ocrx_word' id='word_1_407' title='bbox 241 4257 375 4318; x_wconf 85' lang='lat' dir='ltr'><strong><em>Codiuus.</em></strong></span> <span class='ocrx_word' id='word_1_408' title='bbox 417 4279 475 4320; x_wconf 91' lang='lat' dir='ltr'><strong><em>nou</em></strong></span> <span class='ocrx_word' id='word_1_409' title='bbox 495 4265 557 4320; x_wconf 85' lang='lat' dir='ltr'><strong><em>erat</em></strong></span> <span class='ocrx_word' id='word_1_410' title='bbox 574 4260 714 4322; x_wconf 83' lang='lat' dir='ltr'><strong><em>ordinarie</em></strong></span> <span class='ocrx_word' id='word_1_411' title='bbox 738 4260 867 4340; x_wconf 80' lang='lat' dir='ltr'><strong><em>iu&#39;aula,</em></strong></span> <span class='ocrx_word' id='word_1_412' title='bbox 893 4262 946 4324; x_wconf 84' lang='lat' dir='ltr'><strong><em>sed</em></strong></span> <span class='ocrx_word' id='word_1_413' title='bbox 966 4261 997 4320; x_wconf 90' lang='lat' dir='ltr'><strong><em>iu</em></strong></span> <span class='ocrx_word' id='word_1_414' title='bbox 1015 4259 1187 4332; x_wconf 86' lang='lat' dir='ltr'><strong><em>monasterio</em></strong></span> <span class='ocrx_word' id='word_1_415' title='bbox 1204 4265 1267 4324; x_wconf 76' lang='lat' dir='ltr'><strong><em>eoin</em></strong></span> 
     </span>
    </p>
   </div>
   <div class='ocr_carea' id='block_1_4' title="bbox 0 0 1560 4867">
    <p class='ocr_par' dir='ltr' id='par_1_9' title="bbox 0 0 1560 4867">
     <span class='ocr_line' id='line_1_47' title="bbox 0 0 1560 4867; baseline 0 0"><span class='ocrx_word' id='word_1_416' title='bbox 0 0 1560 4867; x_wconf 95' lang='lat' dir='ltr'><strong><em> </em></strong></span> 
     </span>
    </p>
   </div>
  </div>
 </body>
</html>
