3075 4867
531 328 578 397 su
602 327 751 399 eoouu
770 330 855 399 our.
886 330 929 398 u.
1117 422 1118 425 Ν
1222 332 1294 403 179

191 492 296 579 cipibus
305 491 479 574 megalducas
488 502 712 575 cousougueieeum
723 517 810 571 suum,
822 500 903 563 etun
914 498 968 561 11:
989 495 1102 559 Alcetas
1110 498 1295 577 megalducas,

191 587 241 665 ραι·
253 582 338 642 classi
355 588 413 642 erut
427 582 593 662 praefectus.
613 584 848 665 usurpantetiam
862 583 963 642 Graeci
982 580 1132 647 δοιικότον
1148 604 1200 663 pro
1218 606 1300 665 pree-

187 670 297 751 feeturo
317 672 347 727 et
368 668 468 737 ductu,·
485 673 515 726 et
525 687 579 744 pro
592 678 710 743 monete,
729 666 803 744 quae
823 668 971 727 Germanis
991 676 1035 729 est
1053 675 1096 729 eiu
1110 662 1203 731 ducat.
1224 670 1297 733 dov-

190 748 291 833 κάτωρ
309 754 412 813 διιοισι.
433 754 498 811 vide
511 753 665 813 Meursium
677 754 708 813 iu
728 752 874 813 Glossario
897 754 1135 815 Graecobarbero.
1156 754 1222 815 olim
1240 754 1295 815 At·
1312 744 1336 799 Ρ
1355 748 1404 802 189

190 840 263 899 ticae
284 844 315 897 et
334 837 511 898 Athenarum
536 840 668 921 princeps
694 858 810 917 magnus
834 840 892 899 due
914 836 1062 918 audiebat,
1084 845 1117 899 ut
1143 846 1189 899 est
1219 843 1298 922 alsud

191 925 351 1003 Gregoram
363 924 382 982 l.
397 928 426 986 7.
1145 944 1148 951 ’

260 1006 300 1057 Ut
322 1005 409 1058 officie
435 1020 579 1074 uunquam,
602 1004 639 1059 ite
660 1021 710 1060 nee
730 1004 876 1060 officiorum
899 1004 1084 1076 appellationes
1111 1010 1210 1059 temere
1235 1024 1298 1060 con-

190 1074 343 1129 fundendae.
377 1074 494 1143 quamvis
525 1074 614 1145 itaque
645 1074 672 1128 iu
703 1076 871 1145 posteriorum
899 1074 1085 1145 imperatorum
1109 1076 1299 1129 constitutioni·

192 1144 242 1197 bus
261 1151 439 1213 nuncupentur
466 1144 546 1196 duces
569 1143 614 1213 qui
646 1144 767 1199 limitibus
802 1144 923 1197 militibus
951 1144 1089 1212 provinciis
1120 1151 1148 1197 ct
1176 1145 1299 1197 loedere-

192 1211 228 1266 tis
253 1221 378 1283 praesunt
400 1208 624 1278 (στρατιωτικοὺς
652 1211 826 1282 καταλόγους
850 1212 917 1284 τῇδε
938 1207 1091 1281 ἱδρύσατο,
1119 1210 1162 1275 oie
1184 1207 1221 1282 δὴ
1246 1211 1298 1282 oio-

193 1299 280 1353 γοντα
297 1278 385 1335 εἰσαεὶ
401 1276 548 1348 ἐφιστάναι
573 1278 718 1351 διώρισεν,
741 1278 775 1336 ὃν
789 1278 926 1351 Ῥωμαῖοι
942 1282 1032 1335 deduce
1049 1283 1085 1353 τῇ
1100 1281 1230 1335 Λατίνων
1246 1300 1298 1337 κα-

195 1352 273 1406 λοῦσι
291 1351 375 1421 φωνῇ
384 1389 393 1418 ,
410 1352 444 1404 de
460 1350 599 1403 lastiniano
616 1352 654 1405 ait
673 1351 813 1423 Procopius
831 1352 874 1405 ubi
891 1351 995 1403 deeius
1013 1351 1135 1404 aedificiis
1150 1352 1167 1405 l.
1185 1353 1227 1417 3),
1247 1352 1300 1405 dux

193 1425 280 1473 temen
304 1436 426 1489 maguus,
447 1419 480 1471 de
502 1436 554 1491 quo
579 1421 636 1487 hic‘,
657 1422 749 1474 navale
773 1421 854 1473 solum
879 1420 926 1473 sub
954 1436 1002 1472 sua
1023 1418 1189 1503 dispositione
1209 1423 1300 1473 tenere

214 1493 298 1550 otest,
321 1505 353 1541 ao
377 1489 415 1542 ita
438 1488 507 1541 vires
527 1488 626 1559 imperii
649 1508 705 1543 cum
722 1506 814 1557 magno
832 1490 972 1558 domestico
989 1488 1081 1541 diviua
1096 1496 1125 1542 ut
1140 1489 1196 1559 ipse
1213 1490 1299 1549 meris.

194 1506 347 1611 domesticus
369 1563 454 1610 terrae
479 1564 634 1628 potestatem
657 1558 794 1622 sortiatur,
820 1564 898 1641 prout
920 1574 977 1611 cum
999 1565 1105 1611 auctore
1128 1558 1213 1612 statim
1238 1576 1261 1610 c.
1280 1558 1304 1616 5.

194 1626 318 1695 legemus.
354 1644 408 1679 eum
425 1628 458 1679 ob
475 1644 529 1679 rem
546 1628 591 1681 ubi
614 1628 698 1697 magui
720 1626 854 1681 domestici
876 1644 966 1683 nomen
988 1627 1146 1680 terrestrium
1169 1626 1299 1696 copiarum

195 1696 256 1748 duci
271 1696 395 1761 inditum,
411 1694 443 1747 de
461 1706 513 1765 quo
530 1714 613 1767 nuper
630 1698 799 1763 centesimus,
817 1702 879 1749 tnnc
896 1698 938 1749 vel
956 1712 1005 1747 nou
1022 1696 1100 1752 multo
1115 1696 1197 1749 serius
1214 1696 1300 1765 magui

195 1764 283 1828 ducis,
298 1774 327 1817 ut
344 1764 421 1818 meris
433 1766 591 1835 praelectum
608 1767 740 1836 speciatim
756 1766 894 1831 indicaret,
910 1766 1044 1835 vulgatum
1060 1766 1185 1835 suspicor.
1219 1781 1300 1835 penes

196 1835 343 1901 Gregorem
360 1836 399 1886 ita
419 1851 451 1885 ue
467 1836 520 1888 76
535 1834 602 1887 fides
615 1844 656 1888 est
673 1842 702 1888 ut
719 1836 821 1889 Atticae
841 1843 869 1888 et
885 1836 1042 1888 Athenarum
1068 1834 1202 1905 princeps,
1228 1836 1301 1887 cuius

196 1902 259 1957 ditio
276 1902 377 1985 imperii
396 1852 442 1956 (δι’
460 1904 595 1957 frustulum
612 1904 749 1958 rescissum
766 1905 832 1970 iuit,
861 1904 909 1956 ium
927 1920 944 1955 ο
960 1903 1124 1956 Constantini
1144 1910 1231 1957 aetate
1244 1921 1301 1956 ma·

197 1970 243 2040 gni
259 1970 342 2040 duces,
358 1969 417 2042 ipse'
434 1973 557 2025 Romanis
573 1973 679 2026 ducibus
697 1974 812 2039 allectus,
833 1972 985 2042 dignitatem
997 1971 1078 2026 tuerit
1094 1973 1212 2041 adeptus.
1245 1990 1301 2025 me-

197 2049 282 2095 moret
298 2040 353 2112 Leo
371 2042 560 2095 Grammaticus
577 2044 630 2095 τοῦ
649 2041 777 2111 usurpes
799 2036 851 2096 τόν
878 2042 979 2095 dociae.
1014 2041 1101 2109 magni
1117 2059 1208 2094 nomen
1226 2040 1299 2093 eddi-

198 2110 237 2164 dit
261 2110 372 2164 Nicetes
396 2110 525 2167 Manuelis
554 2110 679 2164 comneni
703 2112 719 2163 l.
742 2112 760 2165 2
785 2128 836 2164 non
859 2128 909 2163 uno
928 2110 994 2163 loeo.
1029 2112 1046 2163 l.
1065 2110 1097 2165 5.·
1121 2105 1137 2163 δ
1157 2105 1299 2177 Μανουὴλ

196 2174 301 2263 uelites
323 2174 376 2233 edo
398 2174 486 2248 με’γαν
507 2164 601 2233 deone
623 2176 674 2236 τόν
696 2176 932 2247 Κοντοστίφιινον
949 2174 1126 2245 Ἀνδρόνικον
1150 2178 1216 2244 περί
1241 2194 1300 2230 τον

197 2266 250 2311 τας
266 2239 430 2303 &evomes
446 2246 619 2316 deverimus
635 2246 759 2318 τριήρεις
777 2244 892 2319 ἔχοντα,
916 2242 959 2302 ότι
980 2243 1052 2316 μηδὲ
1075 2248 1133 2301 τῶν
1146 2248 1300 2301 Βενετικοῖν

198 2312 216 2373 δ
240 2313 339 2389 στόλος
362 2307 399 2386 siv
428 2312 608 2386 ἐνδεέστερος.
649 2318 675 2371 ἰιι
691 2317 793 2373 'Alexio
819 2318 946 2370 lileuuelis
964 2316 1038 2369 huius
1059 2316 1097 2370 u:
1132 2310 1257 2385 ὥρμησεν
1283 2310 1300 2371 ὃ

196 2382 426 2457 κρωτοσὲβαστος
442 2381 507 2447 code
524 2380 708 2450 πιστοτάτους
723 2383 811 2457 στόλῳ
829 2380 972 2453 ἐπιστῆσαι
988 2381 1169 2454 τριηράρχας,
1186 2382 1233 2438 καὶ
1244 2402 1300 2437 τια-

199 2456 339 2522 ραδοόναι
362 2450 453 2509 αὐτόν
473 2459 534 2517 τοῖς
558 2452 655 2525 ἐκείνῳ
676 2450 750 2509 κατα
773 2452 853 2523 γένος
875 2448 1020 2523 ἐγγίζουσι.
1054 2456 1106 2509 τοῦ
1128 2450 1161 2507 δὲ
1177 2450 1300 2522 μεγόλον

198 2520 303 2587 δονκός
318 2526 370 2578 τοῦ
387 2522 622 2592 Κοντοστεφόνοσ
638 2520 887 2591 ἀντιπνεύσαντος,
905 2522 954 2576 uel
969 2524 1020 2592 τῆς
1034 2523 1198 2591 στολαργίας
1213 2520 1301 2576 παντί

197 2590 294 2668 τρόπῳ
324 2589 487 2662 ἐξεγομένον
511 2589 552 2656 ὡς1
576 2590 652 2665 αὐτῷ
676 2594 725 2647 καὶ
748 2588 800 2663 oriz
823 2584 907 2664 ότὲρῳ
932 2588 1082 2660 δήπουθεν
1097 2591 1299 2717 προσνγιοόσης,

199 2657 377 2733 ἀναγκαστῶς
392 2658 445 2729 τὴν
465 2659 596 2733 βοόλησιν
614 2663 807 2731 μετατίθησιν.
842 2660 971 2715 subditur:
997 2659 1045 2713 ael
1067 2656 1104 2729 δὴ
1123 2656 1138 2713 ὁ
1155 2680 1175 2731 μ
1192 2681 1208 2715 ν
1226 2663 1301 2713 Κον-

199 2727 370 2797 τοστὲφανος
382 2726 555 2796 Ἀνδρόνικος
567 2729 665 2799 κόριος
680 2726 858 2799 καθειστήκει
874 2731 926 2783 τοῦ
939 2725 1041 2784 στόλον
1056 2726 1171 2792 παντός.
1206 2728 1300 2783 lsaecii

198 2801 292 2869 Angeli
309 2802 329 2855 1.
347 2802 379 2856 3:
403 2797 507 2855 στέλλει
518 2794 655 2862 Ἰσαόκιος
668 2796 720 2855 τόν
736 2800 811 2855 ἴδιον
837 2794 991 2867 ίξόδελφον
1012 2802 1240 2868 Κωνσταντῖνον,
1265 2792 1301 2851 ὃν

199 2868 247 2956 καὶ
263 2870 353 2922 dorisco
367 2868 421 2953 τοῦ
436 2864 537 2953 γιόλον
552 2867 738 2957 aspostolicae.
773 2875 846 2923 Anna
871 2868 1002 2953 Comuepe
1016 2864 1112 2937 μόγαν
1136 2868 1226 2922 dodae
1240 2864 1301 2921 ’Ios-

198 2958 291 3061 tltll
305 2938 1302 3089 ttltsttttlet‘ttl'ltSltlte32⁰¹ttttttlet03⁰ssttls

199 3078 305 3144 Alexio,
322 3094 444 3131 novorum
463 3076 587 3131 nominum
606 3089 633 3131 et
656 3078 808 3146 dignitatum
831 3082 950 3137 οιιοιοτο,
977 3091 1247 3145 προκεχειρισμενον,
1268 3092 1301 3128 ac

200 3147 308 3199 interius
332 3146 421 3199 δοόιια
446 3145 565 3212 Κόκρον
581 3146 744 3200 nominatum.
767 3146 893 3198 'meminit
912 3146 988 3197 etiam
1005 3144 1089 3212 magni
1106 3144 1177 3196 ducis
1194 3144 1301 3197 Ledeue

201 3214 301 3283 Tyrius
316 3218 353 3269 20
372 3218 418 3269 11ι
453 3216 525 3269 misit
543 3234 600 3269 cam
616 3218 699 3269 classe
728 3216 899 3285 megalducas
923 3216 1142 3285 consanguineum
1159 3230 1248 3275 ιιιιιοι,
1273 3218 1302 3265 et

199 3286 237 3339 22
255 3288 300 3339 11:
323 3286 430 3339 Alesios
445 3287 624 3355 megalducas,
641 3287 687 3355 put
703 3286 781 3338 classi
798 3291 857 3337 erut
871 3288 1026 3352 praefectus.
1060 3283 1148 3336 iuncta
1164 3287 1304 3350 corruptu-

202 3368 254 3422 que
270 3362 330 3407 sunt
346 3355 412 3406 haee
428 3355 522 3418 verba,
543 3355 617 3407 aiunt
636 3355 753 3424 quideme
778 3370 879 3421 aquo,
903 3369 952 3403 non
975 3352 1127 3403 edisserunt.
1163 3356 1234 3403 certe
1250 3366 1303 3403 uon

199 3422 250 3476 nisi
269 3441 285 3475 a
302 3424 385 3491 'l'yrio
401 3423 529 3493 scriptore
545 3424 657 3477 barbare
675 3422 852 3491 megalducas,
873 3416 991 3487 μεγόλος
1012 3420 1115 3481 dociacus
1141 3419 1216 3486 vice,
1238 3436 1302 3489 pro·

201 3492 335 3545 nuntiante
354 3510 477 3545 connexa.
512 3510 565 3546 vox
579 3489 698 3562 μεγόλος
711 3490 822 3545 trivialis
836 3488 910 3551 licet,
936 3506 999 3557 pree
1014 3482 1115 3556 μέγας,
1138 3488 1221 3541 miuus
1237 3506 1303 3541 auo·

201 3562 269 3615 mela
284 3558 340 3615 est'e
355 3563 440 3615 fateor
457 3562 576 3631 δοῦκας,
593 3562 649 3614 vioe
665 3557 750 3627 δοόξ,
765 3558 931 3626 grammatico
948 3558 1002 3609 iure
1022 3556 1168 3610 recentiore
1183 3556 1272 3613 scribi.

287 3663 315 3721 p.
328 3645 348 3704 9
363 3662 390 3700 v.
404 3644 432 3707 5.
465 3641 670 3718 Protostrator]
696 3641 831 3700 mendose
852 3638 961 3695 codices
980 3636 1107 3695 nonmrlli
1127 3630 1304 3719 πρωτοστά-

201 3748 272 3809 τοιρ.
313 3726 429 3785 Nicetes
441 3728 583 3787 existimat
595 3733 810 3806 protodoctorem¹
820 3742 883 3781 esse
895 3721 1063 3781 Latinorum
1080 3722 1304 3782 acoresclrolcum:

200 3813 243 3871 ita
257 3813 372 3871 enimin
384 3812 523 3871 Balduino
538 3814 574 3869 de
597 3812 723 3869 Gofredo
744 3810 875 3885 loquens:
903 3806 1104 3890 μαρέσχαλκος
1121 3800 1163 3889 ἦν
1185 3802 1304 3883 α’ξίωμα

197 3891 331 3978 delusio,
353 3899 443 3977 δηλοῖ
460 3896 493 3959 δὲ
513 3890 586 3959 καθ’
605 3897 729 3976 illusae
748 3894 772 3975 η’
795 3888 886 3973 φωνή
902 3889 954 3957 τὸν
974 3888 1231 3974 πρωτοστρότωρα
1249 3893 1304 3971 (ita

199 3983 396 4062 scribendum,
416 3984 441 4041 si
453 3982 586 4057 Latinam
606 3984 793 4059 quantitatem
814 3986 939 4057 spectes:
961 3980 1081 4037 occurrit
1093 3986 1188 4039 tamen
1205 3978 1302 4041 crebro

203 4088 255 4151 per
298 4092 331 4145 o,
351 4067 623 4151 πρωτοστρότορα).
649 4068 770 4127 loannes
796 4064 971 4142 Curopulata
988 4065 1018 4123 in
1041 4062 1202 4143 Theophila
1218 4065 1303 4145 vocat

195 4158 266 4218 ’τοῖν
282 4149 459 4233 ἱπποκόμων
473 4159 608 4237 πρῶτον,
625 4156 692 4230 quia
706 4154 759 4211 illis
778 4154 916 4231 praeerat.
937 4151 1023 4210 etiam
1035 4149 1153 4229 simplex
1169 4144 1303 4227 στρότσιρ

200 4246 350 4318 usurpant.
378 4242 496 4299 Suidas:
526 4236 659 4323 στρότοιρ
689 4235 769 4311 εἶδος
787 4232 964 4317 ἀξιώματος.
992 4236 1022 4294 iu
1048 4234 1201 4295 donatione
1224 4230 1303 4291 Con-

200 4328 335 4391 stantini:
351 4328 520 4412 στ’ρότωρος
534 4321 682 4407 όφφίκιον
701 4316 895 4407 ἐποιήσαμεν.
927 4352 929 4362 «
