3075 4867
512 261 560 328 ns
587 260 738 332 connu
765 262 849 335 err.
874 261 919 334 11.
1190 267 1271 364 175x
1342 202 1382 368 ⁵.

168 430 271 509 fuisse,
289 429 340 491 sed
358 430 388 488 ln
408 427 531 509 palatio,
552 445 611 488 non
624 433 711 490 extra
753 433 784 488 et
799 425 902 509 probat
918 426 972 490 lroc
987 445 1022 514 px
1042 425 1061 490 l.
1075 433 1096 495 7
1109 427 1260 508 Nicephori

170 517 324 594 Gregorae3
344 516 422 593 apud
442 532 526 591 quem
545 519 643 575 tamen
661 512 730 574 nihil
748 513 831 574 lunius
844 515 964 576 invenio.
1004 513 1089 574 verba
1103 516 1163 574 eins
1176 517 1259 600 dabo,

169 599 187 665 ὅ
206 599 238 664 δὲ
258 599 392 674 Ῥωσικός
413 593 472 680 τήν
491 623 523 662 τε
542 592 648 662 στάσιν
672 597 725 661 καλ
745 595 779 664 τά
798 594 917 680 άξίοιμα
934 603 991 662 τοῦ
1007 599 1056 662 sal
1077 603 1132 677 τῆς
1149 602 1259 681 spani*

170 687 220 764 ζης
239 682 319 767 napo?
339 688 396 748 soti
419 680 549 766 μεγάλου
568 675 752 763 κεκλήρωται
774 685 1027 758 Κωνσιιιντλνου,
1054 681 1074 747 ά
1098 681 1130 746 δὲ
1160 689 1259 748 Πελο-

167 765 365 850 ποννησιακὸς
388 765 423 832 ιδ
449 774 506 832 τοῦ
531 770 709 849 πρλγιιιιιος,
741 766 761 832 ό
783 767 815 832 δὲ
842 774 897 850 τῆς
913 765 1049 850 Ἀιιιιιῆς
1071 791 1102 832 τι
1122 767 1175 832 acl
1199 775 1261 834 cciv

166 847 304 936 Ἀθηνῶν
326 849 456 936 άρχηγάς
473 850 508 917 ιδ
531 858 588 916 τοῦ
606 848 734 935 μεγάλου
750 848 873 933 ὃουιιάς,
896 852 960 919 dot
976 860 1031 935 τῆς
1044 857 1190 928 Βοιωτίας
1208 855 1261 920 sal

164 943 224 1002 sois
242 942 354 1021 Θηβοῖν
374 935 406 1002 τά
426 943 482 1002 τοῦ
498 932 629 1020 μεγάλου
646 941 880 1022 πριμμικηρίου,
902 936 970 1003 ὅδὲ
988 944 1043 1020 τῆς
1058 932 1188 1023 μεγάλης
1201 935 1262 1022 νή-

165 1042 219 1088 σου
236 1025 379 1097 Σικελίας
395 1018 430 1086 ιά
447 1028 503 1086 τοῦ
521 1018 630 1105 ρηγάς,
652 1023 705 1086 καὶ
727 1021 811 1087 ἄλλοι
834 1020 918 1086 άλλο.
959 1042 1011 1084 nec
1024 1023 1161 1103 alioloco,
1176 1043 1261 1102 quem

163 1111 278 1172 adducit
301 1109 491 1188 Glossarium,
509 1110 540 1168 id
556 1109 679 1170 affirmat
693 1109 852 1189 Gregoras,
878 1109 931 1170 sed
953 1115 1064 1170 tantum
1084 1111 1151 1169 dicit
1164 1111 1193 1170 in
1208 1131 1262 1190 po-

159 1201 266 1256 stremo
285 1194 450 1255 Thessaliae
471 1194 610 1275 principe,
630 1195 680 1271 qui
702 1200 764 1256 erat
783 1195 903 1256 Ioannes
923 1192 1033 1272 Duces,
1056 1187 1188 1256 defecisse
1200 1215 1262 1256 ma-

159 1281 250 1340 iorum
265 1281 471 1339 successionem
493 1285 524 1340 et
540 1281 772 1340 sciostocrotorum
793 1281 996 1360 principatum,
1027 1280 1075 1357 qni
1102 1281 1138 1339 ab
1162 1279 1261 1340 Alexio

159 1367 310 1427 Comneno
333 1365 397 1424 talis
419 1384 483 1424 esse
504 1370 630 1445 poteratt
659 1371 693 1425 nt
711 1365 785 1424 euim
805 1382 908 1426 nomen
930 1367 1067 1445 despotae
1088 1365 1199 1426 transiit
1223 1368 1261 1425 ad

159 1451 229 1510 alios
244 1452 403 1530 principes,
423 1451 464 1510 ita
485 1452 569 1511 etiam
587 1469 691 1511 nomen
705 1451 937 1511 sebastncratoris
960 1469 994 1510 ex
1014 1449 1078 1511 aula
1103 1450 1140 1509 ad
1159 1451 1262 1527 princi—

159 1555 212 1618 pes
229 1537 397 1596 Thessaliae
412 1555 542 1595 manasse
567 1536 687 1595 videtur.
735 1537 812 1596 adde
833 1537 911 1613 quod
936 1533 1022 1596 Anna
1044 1536 1112 1596 dicit
1133 1535 1262 1596 alexium

159 1641 267 1683 novum
281 1641 384 1681 nomen
401 1621 590 1699 composuisse
609 1621 642 1684 λιι
662 1623 718 1684 τοῦ
737 1622 884 1701 seducenti
900 1618 952 1683 ιιυλ
966 1625 1023 1684 τοῦ
1033 1614 1263 1702 αὐτοκράτορος.

159 1708 308 1784 quomodo
327 1708 390 1784 ipse
407 1707 514 1784 primus
530 1708 600 1766 haec
619 1708 676 1764 duo
696 1706 727 1766 in
747 1725 834 1766 unum
854 1707 1006 1786 conflavit,
1026 1707 1051 1766 si
1062 1725 1163 1766 nomen
1177 1706 1262 1766 hoca

158 1792 347 1860 Constanfini
364 1793 461 1868 magni
480 1811 550 1851 aevo
572 1789 739 1850 descendit?
779 1791 909 1852 Zonaras
926 1788 1034 1855 καινάν
1054 1787 1151 1871 ὄνομα
1169 1797 1261 1851 vocat.

160 1878 308 1955 quomodo
324 1869 447 1951 καινάν,
467 1877 493 1933 si
517 1896 537 1936 a
555 1875 744 1934 Constantino
762 1876 888 1954 magno?
928 1877 1003 1936 idem
1022 1893 1057 1936 ex
1073 1877 1135 1958 ipso
1150 1877 1273 1937 Codino'

157 1962 235 2022 satis
252 1959 431 2019 manifestum
449 1965 501 2018 ess
543 1979 582 2018 an
598 1979 701 2019 nomen
721 1961 955 2040 superintendentis
976 1963 1040 2020 ideo
1060 1981 1164 2022 novum
1177 1968 1263 2040 esset,

158 2046 231 2106 licet
252 2044 388 2103 Glossarii
406 2050 505 2127 auctor
520 2041 632 2103 scholae
653 2043 800 2106 Leidensis
817 2049 1051 2126 supelintendens
1072 2045 1264 2110 educaretur?

159 2129 317 2190 translatio
337 2128 450 2204 quidem
469 2130 507 2187 ad
530 2129 605 2187 hunc
624 2130 764 2189 hominem
783 2150 857 2192 nova
870 2136 962 2208 esset,
980 2132 1032 2190 sed
1046 2149 1101 2189 vox
1114 2131 1176 2208 ipsa
1190 2149 1266 2191 nova

159 2235 225 2277 non
241 2220 319 2276 esset
341 2219 442 2291 utpote
461 2214 517 2274 iam
543 2215 652 2294 pridem
669 2215 699 2274 in
718 2221 886 2276 novatorum
900 2215 1007 2274 circulis
1027 2215 1264 2276 decantatissima.

158 2302 253 2362 etiam
271 2305 463 2361 antecessores
480 2295 570 2358 Alexii
590 2300 645 2360 hoc
664 2299 764 2359 morbo
785 2298 964 2376 laborarunt,
992 2305 1022 2359 et
1041 2299 1071 2359 in
1089 2299 1184 2378 primis
1204 2298 1266 2359 Leo

158 2385 366 2467 philosophus,
387 2385 436 2460 qui
458 2389 533 2444 teste
551 2384 667 2444 Zonam
688 2383 825 2444 zsumem
843 2383 1003 2462 Stylianum
1019 2402 1077 2444 non
1091 2389 1202 2446 tantm
1215 2386 1268 2443 de·

157 2471 292 2551 signavit
307 2470 473 2549 magistrum
494 2476 525 2529 et
544 2470 634 2528 dromi
658 2467 851 2550 logothetam,
876 2470 929 2532 sed
955 2474 985 2530 et
1006 2487 1080 2532 novo
1104 2471 1265 2558 excop‘tato

59 2553 71 2580 ⁸
159 2557 281 2619 nomine
300 2549 537 2636 βασιλεοιιάιορα
553 2554 689 2614 nominari
709 2553 806 2615 voluit.

235 2645 475 2734 σιβαοτοιιράτιορ]
517 2650 652 2734 dignitatis
678 2649 733 2704 cius
761 2649 933 2706 instituendae
962 2665 1063 2735 cansam
1086 2651 1167 2736 refert
1190 2649 1266 2706 Anus

161 2723 467 2863 winfridi&
484 2717 793 2851 ‚iiivif'ildli'irii
816 2720 1137 2846 ltfflltffll‘dsldl'
1158 2738 1268 2844 tlte}

161 2862 236 2915 idem
263 2858 407 2914 Munnslcm
430 2865 552 2926 quattuor
574 2856 685 2910 filiorum
715 2857 829 2911 ultimum
852 2857 1147 2929 cellccsbcpcsopcsnic
1182 2855 1265 2924 ὑπεξ-

160 2933 236 3000 ἧρεν
257 2932 358 2997 τιμαῖς.
392 2926 496 2980 loannis
521 2925 589 2978 filins
613 2925 718 2979 Manncl
739 2932 813 2998 patre
836 2934 937 2980 mortuo
965 2931 1072 2981 vocatus
1089 2927 1121 2981 ad
1138 2936 1266 2999 sceptrum

161 2996 294 3053 madon
310 3002 430 3066 patruum
449 2995 525 3050 etiarn
541 2995 773 3048 sebastocratorem
793 3003 927 3066 vocaturn,
954 2997 1037 3050 missis
1053 2997 1080 3049 in
1096 2997 1186 3050 urbem
1203 2997 1267 3050 οιοὶ-

163 3069 224 3132 cis,
240 3083 275 3118 nc
290 3071 344 3118 tum
360 3064 490 3132 sanguinis
506 3064 564 3117 inre
581 3070 635 3116 tum
653 3065 686 3116 ob
704 3065 854 3132 dignitatem
869 3066 1050 3135 imperatoriae
1060 3066 1199 3190 proximam
1212 3082 1267 3118 mo-

162 3137 261 3189 litetur
281 3149 322 3215 res
348 3150 445 3216 novap,
472 3150 526 3186 com
557 3133 636 3250 ιοιιῐγ.
669 3133 777 3218 Nicetes
794 3133 861 3188 idem
879 3134 906 3186 in
924 3135 1044 3218 Mepuple
1070 3137 1130 3220 ,λιι
1156 3128 1266 3216 μήιπως

163 3199 1267 3341 :⁵22⁰{stessittttlttttttttttttltfflllllttlttttttttff

164 3342 210 3396 ita
227 3336 373 3406 (usquead
390 3338 524 3406 despetam
540 3342 666 3404 creatum)
689 3339 813 3406 sanguine
830 3339 978 3391 coniunctus
994 3339 1045 3390 tuit
1059 3338 1207 3407 imperatori
1223 3354 1268 3391 se-

165 3411 341 3464 bastocrator.
374 3405 489 3458 isandus
504 3407 617 3481 Angelus
636 3424 701 3460 anno
719 3408 788 3462 1184
804 3407 934 3476 imperium
954 3406 1059 3460 sortitus
1077 3408 1185 3461 fratrem
1206 3408 1270 3460 dle-

166 3479 241 3533 xinm
257 3475 331 3544 regui
346 3490 535 3542 successorem,
552 3492 583 3529 sc
598 3481 715 3545 patruum
733 3489 835 3544 quoqne
852 3475 971 3528 loannem
985 3475 1270 3541 ducemsebastocra-

166 3553 245 3600 tores
270 3543 424 3607 declararit3
448 3544 552 3597 Alexius
574 3544 616 3596 hic
632 3543 756 3596 isaacium
774 3543 842 3596 filiae
859 3544 974 3598 maritum
991 3545 1099 3614 priorem
1117 3544 1175 3614 pari
1191 3545 1269 3598 titulo

166 3613 314 3683 insignivit.
348 3612 437 3682 plures
452 3611 557 3680 insuper
573 3629 605 3665 eo
624 3611 724 3696 nomine
740 3611 814 3664 simtd
831 3618 934 3696 ornatos
947 3614 1029 3698 refert
1046 3622 1200 3696 memoratus
1217 3615 1269 3667 Ni-

168 3690 265 3823 tiss
280 3697 392 3804 tlt
407 3681 1024 3815 dtutttlttrfllstttltltlllt
1039 3682 1126 3753 ’Μ’
1152 3682 1269 3739 ⁵¹⁰¹¹¹¹¹¹¹

257 3840 387 3900 Observa
405 3837 518 3899 Iunium
535 3837 623 3898 verba
639 3837 688 3899 illa
710 3858 738 3916 p.
758 3843 780 3906 7
800 3859 826 3902 v.
845 3839 866 3904 5
890 3843 1008 3923 πρῶτος
1028 3836 1105 3904 κατά
1123 3836 1177 3906 τάν
1199 3836 1270 3922 γρά-

169 3947 230 4006 γον
252 3932 362 3985 vertere
376 3930 404 3984 et
410 3924 497 4002 focile
508 3927 612 4004 priam
627 3943 676 4004 per
691 3923 762 3984 illud
774 3931 884 4006 λοιιιγιιι.
924 3928 1028 4005 inepte.
1068 3931 1136 3987 natu
1148 3930 1271 3987 ιιιοίοεειιι

170 4016 270 4088 verte,
288 4010 334 4069 vel
352 4007 437 4071 Anna
455 4010 601 4070 comnena
619 4009 639 4070 l.
659 4009 802 4090 Sindica,
823 4029 898 4088 qnae
916 4013 953 4071 de
973 4012 1072 4072 Isaaco
1090 4011 1179 4070 matre
1202 4007 1271 4068 Ale-

172 4096 211 4157 xii
228 4095 381 4172 comneni,
407 4100 528 4177 πρῶτον
552 4098 614 4160 cois
629 4086 773 4175 α’δελφοῖν
794 4092 871 4162 κατά
891 4091 1002 4182 χρόνον
1020 4093 1095 4163 ὄντα
1116 4095 1209 4178 ἐχρῆν
1228 4115 1273 4157 ιι·

176 4184 316 4261 μηθῆναι
334 4173 492 4263 άξιάμιιτι.

619 4305 825 4324 m
