3075 4867
504 282 550 355 IN
570 281 828 354 contulum.
849 284 930 354 XV.
1188 283 1262 357 345

161 446 377 515 ciceronem,
393 446 546 517 ηκίκολσιιι
563 447 649 501 hahet.
665 438 766 517 profert
784 460 857 513 eam,
873 462 925 500 non
939 444 1086 511 inerudite,
1106 462 1147 499 me
1161 435 1265 517 quidem

161 516 264 581 iudice,
282 516 355 569 editis
372 516 493 585 operibus
508 516 557 569 iem
574 517 659 569 clarus
675 521 763 568 noster
778 515 932 569 Franciecus
946 515 1076 568 (lo-belis
1087 516 1155 569 uotis
1168 518 1195 569 in
1208 517 1266 569 ltc-

162 585 268 639 comium
286 585 311 638 in
328 585 510 655 depositionem
528 602 609 637 nonae
624 584 728 652 virginis
746 584 867 654 deiparae
883 583 1030 655 propediem
1047 583 1128 637 lucem
1144 592 1267 655 aspectu·

161 672 227 709 rum.
245 654 339 708 mendo
357 654 407 719 lit,
424 654 478 720 ait,
498 654 531 707 de
548 653 744 707 blachernarum
760 654 870 725 templo,
895 654 922 705 iu
957 670 990 705 uc
1008 652 1084 705 etiam
1108 661 1165 706 eret
1181 655 1265 723 portio

161 724 287 794 quaedam
304 721 372 777 illius
388 740 487 791 zonae,
508 721 583 776 simul
599 738 656 776 oum
672 722 802 788 vestibus,
819 728 850 775 ut
865 720 949 792 Nicep
967 738 1028 775 orus
1046 724 1079 776 18
1095 723 1129 775 38
1145 730 1265 776 testetur.

161 792 257 847 subdit.
277 792 378 863 potuit,
395 791 498 847 tametsi
514 798 571 846 erat
587 808 617 844 ee
636 791 678 843 die
693 791 845 861 praecipuus
855 797 994 844 conventus
1005 790 1031 843 in
1050 790 1266 860 chalcoprateeis,

162 862 239 915 etiam
255 861 283 915 iu
301 861 450 917 Blacheruis
465 876 540 928 esre,
557 861 603 913 ubi
618 878 666 915 nec
681 876 756 913 sacra
773 876 838 913 aona
854 860 971 925 deesset,
994 859 1130 912 coniuncta
1145 860 1182 913 illi
1198 860 1265 915 vesti

161 947 269 997 sacrae,
286 930 493 999 coniunctamque
511 930 618 1000 proinde
638 927 733 983 babens
755 929 903 997 religionem
927 946 959 982 ac
982 928 1089 981 leudem.
1111 928 1138 979 in
1161 929 1267 982 encomii

160 1000 244 1065 illius,
261 999 330 1069 quod
348 999 452 1067 evulgat
470 1008 497 1053 et
514 1000 663 1065 elucubrat,
682 998 812 1068 prooemio
833 997 928 1051 allatae
944 998 1086 1051 sententiae
1102 997 1203 1066 reperio
1220 1014 1265 1050 ar-

161 1074 307 1192 punentum
324 1066 363 1119 bis
380 1068 485 1121 verbius
501 1062 568 1121 ὥστε
586 1063 624 1152 μη
640 1067 690 1134 τῆς
706 1062 793 1134 ζώνης
807 1063 913 1151 privos,
934 1060 1011 1151 pitto}
1032 1063 1081 1119 καί
1103 1067 1155 1152 τῇς
1174 1065 1265 1134 τιμίας

162 1136 358 1272 ιῖίῆίίίκῖίῖ
372 1132 968 1277 ililillpwffiwliliii‘'ilci”‘illii
981 1137 1089 1257 inii.
1102 1130 1266 1271 illiti

162 1274 235 1329 σθαι
251 1266 322 1359 πρὸς
338 1266 391 1342 τὴν
408 1266 440 1327 ἐν
455 1222 629 1343 σαρκίζίίίίίι
645 1269 664 1342 ἡ
681 1242 852 1343 πανοίμιηιος
865 1222 1042 1341 πιιιτειίεταρί,Ρ
1053 1266 1126 1325 οὕτω
1135 1222 1270 1327 ‘lere'uct
1373 1344 1377 1349 ι

161 1340 238 1410 η’μοῖς
254 1359 306 1397 ovs
324 1341 402 1409 ἴδια,
419 1344 500 1413 κοινῇ
525 1339 557 1397 dl
580 1338 631 1396 τὸν
650 1336 795 1407 πρέποντα
819 1338 929 1405 τούτοις
949 1334 1032 1396 αίνον
1058 1334 1265 1409 disputatoriae·

162 1411 228 1465 ahsa
243 1426 370 1479 congruas
385 1411 499 1466 rabones
515 1412 608 1465 ibidem
627 1410 732 1464 deducit
748 1410 925 1469 encomiastes.

246 1522 360 1585 Fascius
375 1524 561 1604 sepulchrales
582 1526 610 1585 b.
631 1525 747 1603 virginis
764 1525 891 1603 reposuit
903 1521 1050 1582 Pulcheria
1063 1523 1223 1601 imperatrix
1235 1522 1266 1581 iu

164 1608 270 1687 templo
289 1610 473 1687 Blachernio,
501 1616 574 1670 teste
595 1609 755 1688 Nicephoro
773 1610 819 1668 lib.
838 1609 879 1673 14
896 1629 919 1667 c.
939 1612 968 1671 2.
1009 1609 1103 1667 fasciis
1123 1608 1266 1683 infantiae,

165 1695 266 1771 quibus
287 1695 417 1754 Christus
437 1694 529 1755 infans
546 1695 687 1755 involutus
709 1699 769 1772 est,
790 1694 939 1753 honoravit
959 1699 988 1751 et
1008 1694 1119 1752 ornavit
1132 1693 1267 1771 templum

163 1783 227 1841 cciv
250 1777 381 1859 ὁδηγῶν,
411 1783 445 1837 ut
473 1782 571 1839 eodem
594 1779 656 1839 loco
686 1781 760 1837 idem
786 1779 964 1859 Nicephorus
981 1779 1087 1838 scribit
1128 1778 1267 1837 Batonius

164 1870 234 1923 tom.
257 1864 274 1925 1
291 1860 365 1923 enno
386 1863 493 1923 Christi
514 1865 604 1944 primo
625 1885 654 1923 n.
676 1868 696 1928 8
717 1864 786 1925 dicit
798 1865 828 1921 in
840 1864 976 1922 honorem
983 1863 1142 1941 fasciarum,
1165 1863 1269 1937 quibus

164 1949 259 2007 inians
280 1948 421 2010 involutus
442 1954 504 2027 est,
525 1950 600 2009 diem
616 1949 721 2009 festum
741 1950 820 2028 apud
834 1948 958 2007 Graecos
977 1948 1137 2006 institutum
1149 1966 1212 2005 esse
1226 1950 1267 2010 31

164 2030 296 2111 Augusti.
338 2033 541 2110 Cesaubonus,
569 2033 683 2095 Beronii
704 2035 894 2093 conducticias
924 2033 1122 2107 calumniator,
1151 2031 1219 2088 dicit
1238 2031 1270 2089 in

55 2170 59 2177 ,
164 2118 311 2177 ritualibus
336 2118 507 2180 Graecorum
525 2114 602 2177 libris
622 2119 691 2177 nihil
711 2118 808 2177 haberi
829 2119 866 2177 de
884 2120 959 2177 festo
975 2119 1077 2197 fasciis
1091 2118 1196 2191 dicato,
1216 2116 1269 2173 sed
1381 2181 1387 2193 ο

164 2209 276 2263 tannem
297 2223 394 2263 zonae.
436 2210 470 2262 ut
492 2204 521 2261 id
542 2205 583 2261 ita
600 2205 648 2281 sit,
669 2204 743 2263 diem
763 2209 859 2265 nmen
880 2203 955 2260 huno
969 2203 1070 2281 scedis
1091 2217 1204 2276 quoque
1220 2219 1267 2258 sa-

166 2308 243 2349 crum
266 2288 352 2349 fuisse
373 2294 515 2349 testantur
532 2289 588 2347 duo
610 2293 738 2349 auctores
768 2288 886 2364 Graeci,
915 2288 1071 2345 Germanus
1100 2292 1130 2343 et
1156 2283 1268 2361 Euthy-

166 2374 254 2450 mius,
285 2375 334 2450 qui
354 2374 384 2433 in
406 2373 523 2433 Graecia
545 2374 674 2433 vixerunt
695 2380 726 2432 et
753 2373 928 2436 orationibus
951 2371 1166 2447 encomiasticis,
1197 2388 1271 2445 quae

167 2463 281 2517 exstant
307 2460 385 2537 apud
419 2456 647 2539 Lippomennum
672 2464 702 2518 et
729 2458 859 2535 Surium,
885 2459 988 2517 testum
1009 2457 1064 2516 hoc
1089 2456 1272 2513 illustrarunt.

168 2544 270 2603 occinit
290 2544 449 2603 criminator
469 2565 520 2603 κοκ
541 2564 594 2603 erse
613 2543 766 2603 cedendum
782 2544 931 2622 Euthymio
951 2549 978 2601 et
992 2545 1131 2603 Germano.
1173 2545 1203 2598 et
1217 2557 1273 2597 nos

169 2627 328 2689 Genevensi
349 2648 383 2687 ex
403 2627 493 2688 lustro
513 2628 676 2688 vociferanti
691 2629 861 2689 casaubono
878 2629 1038 2686 credemus!
1080 2646 1130 2685 cur
1150 2644 1219 2701 ergo
1240 2624 1272 2680 in

167 2712 408 2773 ritualibuslibris
429 2712 507 2773 nulla
526 2712 653 2791 mentio?
694 2716 805 2794 opinor,
826 2713 893 2791 quia
912 2700 1008 2773 sac'me
1022 2712 1130 2790 fasciae
1147 2710 1213 2776 testi
1225 2728 1273 2768 sa-

167 2818 232 2859 crae
249 2819 332 2860 sonae
349 2804 461 2859 tantum
476 2799 617 2878 appendix
637 2805 727 2859 erant

252 2938 282 2997 p.
301 2921 343 2983 82
355 2936 381 2976 v.
394 2916 422 2981 5.
451 2917 590 2975 dominica
611 2914 796 2975 orthodoxiae
815 2897 861 2973 est
881 2915 973 2995 prims
988 2913 1127 2975 dominica
1148 2913 1270 2987 quadra-

167 3001 306 3077 gesimae,
328 3006 362 3059 ut
385 3002 565 3060 menifestum
593 3006 639 3057 est
664 3020 728 3060 cum
748 3017 784 3059 ex
803 3000 864 3059 aliis
882 2999 1053 3059 Graecorum
1069 2997 1215 3057 ritualibus
1235 2994 1273 3053 li-

166 3085 245 3163 bris,
272 3091 333 3143 tum
356 3103 391 3143 ex
419 3084 529 3165 Typico
553 3085 583 3143 S.
605 3084 699 3145 Sabae
721 3106 744 3145 c.
764 3085 825 3162 42,
857 3083 934 3144 cuius
955 3084 1053 3144 titulus
1072 3089 1117 3142 est
1138 3077 1273 3154 διάταξις
1336 3103 1337 3106 ’

167 3174 226 3247 τῆς
247 3162 367 3247 προίτης
386 3174 534 3249 κυριακῆς
554 3173 615 3231 τοῖν
632 3168 727 3249 ἁγίων
748 3174 897 3248 νηστειῶν
917 3165 985 3247 ἤτοι
1006 3173 1059 3246 τῆς
1080 3164 1269 3245 ὄρθοᾶοξίας.
1405 3184 1408 3191 ’

168 3255 262 3335 prima
281 3252 367 3311 verba
388 3254 488 3331 capitis
509 3255 578 3315 haec
597 3259 665 3313 sunt
683 3258 723 3339 τῇ
740 3257 871 3333 κνριακῆ
895 3246 1163 3333 τῆςίρθοδοξίας.
1206 3269 1271 3308 cau·
1289 3254 1313 3309 Ρ
1328 3257 1378 3311 251

169 3358 234 3397 sam
255 3337 448 3415 appellationis
467 3339 549 3398 huius
570 3340 612 3398 ita
636 3340 777 3415 breviter,
805 3343 836 3396 et
863 3356 972 3396 summa
1000 3356 1120 3413 sequens
1148 3336 1276 3414 vestigia,

170 3427 269 3483 namot
287 3421 452 3482 Philotheus
472 3424 631 3503 patriarcha
649 3424 816 3503 Cpplitanus
835 3422 866 3479 in
886 3422 1011 3481 Homilia
1037 3423 1127 3501 prima
1155 3422 1276 3495 quadra-

171 3509 298 3587 gesimae
315 3509 455 3570 dominica
474 3510 607 3569 recitata:
638 3513 675 3594 τῇ
692 3510 822 3591 κυριακῇ
842 3502 936 3592 ταύτη
956 3506 1008 3568 καί
1026 3502 1130 3587 πρώτη
1145 3510 1208 3568 τοῖν
1221 3528 1276 3586 νη·

173 3598 280 3655 στιιοῑν
300 3589 323 3671 η’
342 3596 398 3655 τοῦ
422 3597 555 3675 Χριστοῦ
576 3593 717 3672 ἐκκλησία
738 3586 887 3674 ἑορτάζειν
908 3590 1058 3673 παρέλαβε
1085 3568 1143 3671 cilo
1177 3585 1277 3670 ὄρθο-

173 3678 279 3752 ὃοξίαν
309 3674 377 3757 η’τοι
400 3672 457 3756 την
486 3673 693 3757 ἅναστήλοοσιν
707 3686 709 3697 ’
722 3682 783 3741 τοῖν
810 3681 926 3740 σιτικῶν
947 3676 999 3739 καὶ
1021 3676 1115 3759 οίγίοκν
1137 3672 1276 3750 εἰκόνων,

172 3760 340 3845 γενομένην
361 3759 443 3844 stupri
464 3759 591 3843 Μιχαὴλ
608 3760 753 3843 teostitae
769 3761 823 3824 καί
847 3756 1006 3841 Θεοδοίρας
1024 3769 1079 3841 τῆς
1093 3760 1204 3825 τούτου
1219 3784 1278 3841 μη-

173 3844 244 3928 τριίς
263 3851 318 3926 τῆς
339 3848 488 3927 μακαρίας
512 3850 665 3928 βασιλίδος
685 3848 738 3911 καὶ
762 3852 819 3911 τοῦ
839 3846 928 3930 οίγίον
949 3850 1115 3910 Μεθοὸίον
1129 3843 1280 3925 πατριιίρ-

174 3955 230 4013 χου
254 3926 611 4007 Κωνσταντινονπιίλεας.
655 3932 758 4016 γέγονε
781 3927 808 3996 d'
821 3929 928 4007 οὕτως.
970 3932 1102 4006 Λέοντος
1117 3938 1172 3996 τοῦ
1181 3922 1280 3993 Ἰσαιί-

175 4041 233 4098 pov
254 4014 330 4079 κατιί
352 4010 565 4098 παραηοίρησιν
586 4022 667 4081 θεοῦ
686 4016 723 4081 ccl
746 4022 881 4098 σκῆπτρα
906 4020 961 4095 τῆς
991 4020 1141 4099 βασιλείας
1169 4008 1282 4095 κρατη-

177 4120 286 4175 σαντος
313 4099 336 4181 η’
364 4107 419 4181 τῆς
448 4102 654 4183 τίκονομαχίας
678 4100 789 4205 ἤρξατο
814 4104 865 4166 καί
893 4101 1133 4183 ἐπαρρησιάσατο
1160 4101 1281 4178 αἵρεσις.

176 4185 294 4249 ἐκείνου
316 4184 349 4249 δὲ
370 4184 404 4250 cd
425 4190 479 4268 ζῆν
500 4191 599 4261 κακῶς
620 4184 848 4269 ἄπορρηξαντος
870 4185 1020 4251 (ίίκείνον
1041 4186 1105 4260 uide
1120 4190 1282 4246 Κονσταν·

177 4277 260 4347 ΐῖνῡς
273 4268 292 4336 d
307 4267 518 4357 Κοπροίναμος
530 4276 584 4355 τῆς
598 4266 692 4365 cippis
712 4274 764 4337 nori
777 4278 835 4356 τῆς
850 4272 992 4358 αἱρέσεως
1005 4269 1143 4353 διάδοχος
1156 4271 1279 4355 γίνεται.
