3075 4867
265 282 341 353 262
431 278 640 350 GRETSERi
652 280 708 347 ET
725 280 857 349 coam
868 276 1202 347 COMMENTARIUS

336 464 363 516 p.
375 446 409 501 86
421 463 447 498 r.
459 447 483 502 7.
502 441 551 497 ἵνα
565 440 756 514 θημηγορήαρ]
773 442 959 497 sensisses
975 439 1011 495 do
1022 442 1102 495 rebus
1114 440 1196 495 neh
1208 441 1368 497 edm

269 523 298 568 et
331 514 452 599 populum
477 514 645 581 imperatores
672 512 778 568 Graeci.
818 512 991 580 'l'heophsnes
1018 511 1152 565 ceum
1175 512 1294 565 mens
1314 519 1369 567 tam

266 602 343 653 pravi
364 584 452 637 morbo
478 583 600 635 iactatum
625 582 736 635 Leonem
764 582 913 653 Sapientem
940 582 1055 634 scierunt
1081 575 1119 641 ὥς
1140 575 1181 650 μὴ
1203 580 1369 664 δυνηθῆναι

268 653 452 720 διαλεχθῆναι
468 652 504 721 τῇ
519 646 661 720 συγκλήτῳ
678 646 731 718 τὴν
746 647 860 719 συνήθη
877 644 1018 717 uniens,
1037 644 1059 719 ἢ
1075 652 1202 703 καλεῖται
1216 653 1367 708 munros.

265 723 422 775 recudentnr
448 720 482 773 nb
506 720 587 773 amieo
607 719 751 785 Cambefis,
773 735 839 789 quas
860 718 894 769 de
913 718 1033 783 Christo,
1055 717 1090 770 de
1107 719 1139 772 u.
1159 718 1198 783 V,
1220 718 1255 770 de
1270 719 1369 771 nnafis

267 792 354 860 plures
370 798 479 859 vegetas
495 788 671 857 pronuntiavit
686 804 825 841 mnes.
859 786 1007 840 Alexander
1024 786 1305 851 huinslseonisfrater,
1323 804 1370 840 ro·

237 860 242 867 '
269 863 369 911 terente
389 858 526 919 (ledunc,
546 852 605 925 ἅμα
621 852 755 925 Νικολάῳ
771 853 926 915 καθεσθεὶς
939 849 972 909 is
986 854 1023 926 τῇ
1038 851 1216 927 Μαγιαῦρα,
1232 856 1370 909 autentos

267 925 419 996 peropima
433 922 485 995 τὴν
502 920 650 993 Εὔθυμον
665 924 832 993 καθαίρεσιν
842 917 1004 992 ἐποιήσατο.
1039 924 1144 978 Phanuel
1155 924 1307 989 Comnem
1317 924 1370 978 Ni·

268 1006 327 1048 ceta
343 997 468 1067 scriptore
485 996 512 1047 in
530 995 584 1047 eius
601 995 656 1047 vita
672 994 689 1047 l.
709 997 744 1060 7,
763 1012 802 1046 w
907 992 985 1061 ploos
1001 987 1083 1047 stom
1097 989 1213 1062 lipare,
1233 987 1284 1054 oie
1299 1009 1370 1061 praes

267 1062 408 1133 citiusne,
424 1062 473 1117 nat
486 1059 637 1132 sirucrana
650 1010 919 1131 isissmn'hiihi.
953 1062 988 1114 de
1012 1061 1101 1115 Leone
1124 1062 1241 1115 Armenio
1266 1062 1371 1115 dixerst

269 1134 341 1203 prins
351 1132 439 1185 brevis
452 1140 479 1185 et
490 1133 590 1185 metitus
601 1132 764 1185 continuator
775 1131 942 1200 'theophanis
951 1126 984 1185 rh
1001 1129 1077 1196 πρωῒ
1091 1124 1221 1199 irolnser
1235 1127 1372 1185 sobam

269 1196 367 1264 tetis
389 1203 440 1270 τῆς
467 1196 614 1269 ἀληθείας.
653 1201 750 1253 idcirco
772 1200 874 1253 demum
891 1200 900 1215 '
919 1216 977 1251 oen
997 1199 1032 1251 im
1137 1199 1194 1253 ‘bos
1215 1200 1372 1254 Christianis

269 1271 410 1341 praelatum
426 1271 518 1323 assedi
535 1270 669 1323 Baissmon
686 1269 756 1353 qnod
774 1216 1100 1337 latinissimum&
1114 1262 1189 1322 ioris
1204 1265 1369 1339 ἄξιόρααορ,

271 1348 299 1393 et
317 1335 523 1409 αὐτοκράτορες
538 1340 727 1409 κατηχρτιαῶρ
741 1338 887 1408 opinens
902 1337 945 1407 cpi
957 1334 1136 1409 ppwrmvripp
1148 1339 1219 1411 sagr.

338 1449 373 1503 u.
391 1466 419 1504 v.
434 1450 461 1503 8.
478 1443 640 1537 firpyscrjop
657 1444 806 1517 inpietas]
822 1448 861 1531 its
877 1446 1023 1500 coneum
1036 1447 1152 1511 Aietius,
1167 1452 1237 1501 teste
1250 1446 1371 1501 atinam

270 1516 342 1571 vitae
357 1517 375 1570 l.
395 1520 426 1583 1,
454 1534 487 1570 το
512 1534 595 1586 popae
617 1513 741 1588 απέλαβε
763 1534 805 1570 αα
823 1534 844 1569 α
859 1517 912 1569 τοῦ
925 1509 1136 1582 αὖτοαρᾶτορορ
1151 1510 1206 1587 τὴν
1219 1518 1275 1571 rosi
1288 1516 1372 1589 σεβα-

269 1591 338 1641 orosi
353 1581 452 1655 ἀξίαν,
468 1580 601 1656 reduceris
616 1582 792 1655 ἀναρρηθεὶς
806 1535 838 1641 hs
852 1580 937 1655 μέσης
951 1583 1116 1654 συγκλήτου.

354 1701 390 1758 it.
408 1717 435 1756 v.
460 1702 507 1761 13.
545 1698 752 1778 apocrisiarius]
780 1704 827 1757 est
850 1698 896 1757 hie
919 1696 1048 1775 legatus,
1083 1699 1133 1775 qui
1165 1698 1282 1758 alterins
1307 1698 1371 1759 loco

263 1784 432 1866 ¹imperatori
451 1784 557 1858 aliquid
582 1784 730 1862 proponit3
751 1782 830 1858 quod
854 1788 951 1840 tarnem
966 1783 1077 1840 nonnisi
1091 1802 1144 1861 per
1161 1785 1374 1861 protovestiari-

269 1876 336 1944 ten‚
357 1874 387 1927 et
402 1869 457 1927 hoc
477 1870 594 1927 absente
611 1888 663 1948 per
684 1888 818 1943 magnum
839 1867 1074 1943 hetaeriarcham‚
1093 1874 1124 1927 et
1139 1867 1194 1926 hoc
1209 1869 1307 1927 itidem
1321 1870 1373 1928 ab·

270 1960 351 2012 sente
364 1973 415 2033 per
429 1954 613 2031 primicerium
633 1953 713 2011 ardue
726 1954 786 2011 fieri
799 1958 922 2031 poterat
943 1971 1012 2010 rave
1024 1958 1119 2011 autem
1134 1971 1172 2011 ne
1184 1953 1222 2011 ob
1235 1954 1374 2031 ambigui-

270 2046 360 2097 tatem
382 2039 482 2097 Graeci
509 2045 603 2097 textus
627 2039 747 2116 primum
767 2038 1015 2116 protovestiariten
1036 2057 1123 2096 crees.
1151 2058 1211 2096 non
1231 2040 1306 2097 eninr
1327 2039 1374 2097 hic

269 2142 369 2182 sensns
383 2129 444 2201 est,
462 2128 577 2203 primum
583 2126 815 2205 protovestiarius
830 2122 878 2181 hor
888 2143 980 2201 posse:
1001 2123 1053 2180 sed
1072 2124 1148 2180 inter
1163 2142 1261 2182 omues
1274 2131 1373 2201 proto-

270 2208 433 2267 vestiariten
452 2214 573 2290 πρῶτον
591 2209 712 2287 primum
730 2213 798 2267 ante
816 2225 913 2265 omnes
933 2225 996 2265 esse
1016 2209 1061 2267 cui
1082 2208 1247 2289 imperatori
1264 2208 1372 2287 aliquid

269 2294 300 2351 in
313 2294 452 2373 patestasi
464 2294 643 2373 proponendi
654 2295 698 2351 ius
712 2299 742 2351 et
754 2292 873 2352 facultas
882 2298 1028 2373 suppetat

355 2412 414 2469 Sed
437 2416 470 2468 ut
490 2408 528 2467 nd
551 2409 757 2486 apocrisiarium
777 2410 822 2467 vel
845 2409 1045 2487 apocrisarium
1062 2412 1169 2470 dictum
1191 2431 1211 2469 a
1228 2411 1374 2492 responsis

164 2496 187 2549 P
203 2498 256 2553 209
271 2503 460 2572 revertamur,
479 2499 525 2552 est
542 2495 731 2552 internuntius
749 2512 917 2572 responsum
931 2495 1024 2553 serens
1044 2501 1095 2554 aut
1107 2497 1261 2575 accipiens,
1280 2502 1375 2556 otest
1409 2552 1414 2565 ,

271 2582 382 2659 legatus
401 2579 445 2639 vel
473 2584 638 2657 procurator
656 2575 820 2637 conficiendi
837 2578 952 2637 alicuius
972 2581 1081 2656 negotii
1100 2600 1185 2639 causa
1202 2582 1313 2644 missus.
1343 2583 1374 2639 in

271 2665 398 2744 epistolis
409 2666 438 2725 S.
454 2664 609 2742 Gregorius
622 2683 741 2740 maguus
756 2671 786 2723 et
800 2663 847 2722 ulii
859 2663 981 2724 Romani
991 2666 1137 2741 pontifices
1151 2670 1374 2743 opocn‘sariomm

271 2757 301 2809 et
312 2749 500 2828 responsalium
512 2751 618 2828 passim
633 2750 790 2808 meminere.
811 2750 947 2825 originem
966 2749 1053 2808 habet
1073 2770 1129 2809 vox
1149 2747 1212 2813 sind
1225 2756 1282 2813 rori
1294 2746 1373 2813 αἀο-

271 2836 427 2911 κρίνομαι,
451 2836 528 2909 quod
546 2840 591 2891 est
603 2854 751 2910 responsum
764 2834 837 2893 dore.
856 2835 941 2892 hodie
953 2854 1035 2911 reges
1048 2840 1079 2892 et
1094 2836 1234 2915 principes
1258 2837 1289 2893 in
1307 2836 1374 2893 ania

271 2919 411 3000 pontificis
431 2924 461 2976 et
487 2918 604 2975 aliorum
631 2937 728 2993 regum
749 2937 817 2975 suos
844 2919 950 2976 habent
970 2919 1094 2996 legatos,
1116 2922 1166 2996 qui
1185 2940 1284 2979 revera
1304 2927 1374 2979 sunt

271 3006 449 3081 apocrisarii,
470 3003 612 3079 responsis
633 3004 756 3060 ferendis
774 3009 805 3059 et
817 3004 985 3080 accipiendis
1005 3006 1145 3063 destinati.
1177 3004 1243 3063 olim
1257 3004 1374 3065 ecclesis

270 3088 401 3148 Romana
421 3088 457 3146 in'
473 3086 627 3167 Cpolitona
642 3088 765 3146 habebnt
785 3107 869 3145 suurn
886 3089 1094 3166 apocrisiarium
1109 3108 1160 3148 seu
1173 3090 1374 3169 responsalem,

272 3176 321 3250 qni
335 3175 363 3232 in
385 3173 449 3232 aula
469 3173 643 3249 imperatoris
661 3174 787 3231 residens
808 3191 853 3231 res
874 3174 1006 3232 eeclesiae
1027 3176 1170 3248 mensis
1183 3194 1241 3251 qao
1257 3194 1374 3236 memore

271 3260 336 3318 olim
356 3260 386 3317 in
410 3258 473 3318 aula
492 3258 639 3317 Iustiniani
658 3258 772 3317 firnctus
788 3263 834 3317 est
855 3263 923 3318 ante
943 3260 1138 3337 pontificatum
1161 3260 1191 3319 S.
1217 3260 1374 3337 Gregorius

270 3364 397 3422 magnus.
412 3350 443 3404 et
455 3345 485 3402 in
507 3343 572 3403 aula
591 3364 689 3421 regum
709 3344 843 3403 Francioe
855 3351 1012 3423 perpetuus
1033 3351 1095 3403 erat
1111 3346 1321 3425 apocrisiarius,
1342 3346 1374 3403 id

271 3436 316 3488 est
332 3430 502 3509 responsalis
522 3432 699 3507 negotiorum
722 3429 977 3489 ecclesiastieorum.
1015 3431 1184 3490 Hincmarus
1203 3432 1287 3509 epist.
1306 3431 1328 3491 8
1347 3450 1373 3489 c.

273 3516 314 3576 13
344 3519 373 3572 et
408 3514 464 3577 14:
506 3515 612 3593 quando
649 3515 836 3574 Constantinus
873 3534 990 3591 magnus
1027 3519 1169 3594 imperator
1204 3516 1374 3575 Christianos

272 3596 382 3675 effectus
399 3606 505 3677 propter
527 3618 640 3659 amorem
660 3606 685 3657 et
704 3601 825 3659 honorem
848 3598 905 3658 SS.
927 3600 1103 3677 apostolorum
1128 3599 1205 3658 Petri
1230 3607 1256 3659 et
1278 3600 1374 3673 Pauh',

273 3703 382 3762 quorum
396 3683 518 3743 doctrina
532 3704 564 3741 ac
578 3688 723 3743 ministerio
733 3687 774 3745 ,nd
789 3685 891 3744 Christi
900 3688 1019 3761 gratnm
1033 3686 1201 3765 baptiunatis
1213 3688 1376 3745 sacramenti

268 3773 405 3847 presumit,
428 3769 512 3827 iocum
534 3774 558 3827 et
580 3770 664 3827 sedem
678 3789 772 3844 suam,
792 3772 880 3828 urbem
899 3772 1000 3829 scilicet
1017 3770 1181 3841 Romanam
1197 3789 1286 3849 popae
1309 3769 1373 3829 Sit-

272 3858 359 3912 uestro
379 3853 463 3911 edicto
479 3853 620 3930 privilegii
642 3854 773 3932 tradidit,
794 3862 820 3913 rt
842 3854 927 3913 sedem
950 3875 1026 3913 suam
1045 3860 1077 3915 in
1094 3858 1281 3927 ciuitatesua,
1304 3873 1374 3932 pune

273 3942 354 3997 antea
374 3937 539 4015 Byzantium
553 3941 716 4013 uocabatur,
737 3943 850 3998 omnious
870 3943 916 3998 sui
931 3943 1063 3999 n‘oitatem
1076 3940 1228 4018 ampliando
1239 3940 1374 4019 aedifica-

272 4028 329 4097 uit,
352 4028 378 4082 et
399 4028 437 4081 sie
458 4024 618 4101 responsales
633 4030 688 4083 tam
702 4024 842 4095 Romanae
857 4026 926 4083 sedis
946 4045 1025 4103 pacm
1038 4031 1065 4083 et
1081 4026 1198 4084 aliarum
1210 4029 1373 4105 praeeipua-

272 4128 331 4168 rum
346 4109 445 4168 sedium
458 4110 487 4166 in
505 4109 610 4186 palatio
622 4130 673 4186 pro
690 4111 873 4169 ecciesiasticis
886 4113 1001 4187 negotiis
1022 4111 1202 4185 mauman,
1224 4109 1374 4189 aliprando

270 4214 317 4272 per
335 4199 482 4277 episcopos,
501 4194 645 4272 aliquando
667 4215 726 4254 uero
740 4216 788 4273 per
810 4196 934 4255 diaconos
953 4194 1100 4274 apostatica
1120 4196 1191 4257 sedes
1210 4195 1258 4253 hoc
1279 4194 1373 4274 officio

273 4278 453 4354 tangmarus,-
476 4298 525 4359 pso
546 4279 629 4357 officio
646 4279 682 4341 B.
705 4282 850 4359 Gregorius
871 4285 900 4342 in
928 4281 1037 4341 armni
1055 4281 1147 4341 ordine
1171 4282 1288 4362 somnus
1299 4279 1371 4361 fait
