3075 4867
245 363 295 440 84
505 385 508 394 ’
558 366 709 436 coulnl
731 365 1027 436 GUROPALATAE

244 537 298 604 ίάν
312 537 368 622 μέν
383 527 438 603 σύν
450 537 500 602 καί
517 535 533 604 ὃ
546 537 641 628 alyne
654 537 832 626 θομίστικος
847 539 956 627 στίρξη
970 544 1079 620 τούτο,
1103 535 1164 625 ἤδη
1180 535 1292 606 καλόν·
1318 526 1350 607 εί

204 657 229 712 B
245 645 279 710 δὲ
295 639 356 726 μή,
385 639 463 706 ίνθιι
476 639 514 707 ἀν
530 633 619 720 οὗτος
632 644 798 728 διακρίνοι,
822 641 1067 730 στρατοπεδεύει.
1117 646 1169 708 καί
1183 639 1230 709 ὅτι
1244 642 1345 722 sidric

243 745 303 832 πρὸ
319 751 373 810 τοῦ
389 743 442 809 τὸν
455 745 551 830 μέγαν
566 745 743 827 ύομίστικον
758 742 803 813 ἕνί
823 743 942 838 ἑκάστῳ
964 743 1136 838 φλαμούλρν
1156 745 1210 811 τὸν
1223 745 1343 835 προσή-

242 873 334 916 κοντα
349 851 456 912 δοῦναι
470 845 563 915 τόπον
575 847 698 930 πεζεύει.

345 983 417 1071 Πρά
432 990 489 1048 τού
501 985 640 1063 πεζεῦσαι
660 982 696 1050 τὸ
719 979 876 1071 φοσσάτον
896 976 1103 1069 ἀπερχόμενος
1123 979 1140 1050 ὅ
1160 987 1216 1067 τῆς
1233 983 1366 1068 βίγληςὸ

241 1085 337 1172 μίγας
352 1083 551 1174 δροογγάριος
564 1088 730 1170 καθίστησι
742 1085 779 1152 τὸ
795 1082 955 1171 λεγόμενον
965 1082 1188 1173 ἧμιροβιηλιον,
1205 1081 1247 1162 ὧς
1256 1086 1340 1173 παρὰ

239 1197 298 1256 τοῦ
309 1188 444 1276 μεγάλου
457 1191 637 1273 θομεστίκον
652 1184 863 1278 προσετάχθη.
911 1190 964 1255 καὶ
984 1189 1018 1280 οἱ(
1031 1190 1088 1274 μὲν
1108 1186 1226 1275 ἡμέρας
1239 1189 1340 1274 βιγλί·

240 1318 345 1370 σοντες
360 1293 541 1378 ἀπίρχονται
558 1295 600 1370 είς
612 1290 668 1376 τὴν
682 1295 791 1378 βίγλαν
806 1291 915 1358 αὐτίκα
936 1291 1142 1378 (ἀπέρχεσθαι
1158 1293 1193 1358 δὲ
1208 1287 1342 1375 σύνηθές

177 1441 181 1448 -
240 1397 306 1463 ἔστι
327 1392 483 1484 φοοσάτον
497 1395 631 1483 ἐλαφρὸν
644 1397 698 1461 dni
713 1393 748 1460 τύ
766 1389 842 1472 τόξα
856 1395 958 1483 φέρειν
976 1393 1103 1472 αύτούς·
1130 1395 1165 1461 οἳ
1176 1396 1228 1458 καί
1242 1395 1340 1460 osida-

192 1511 223 1583 ¹(3
238 1505 307 1584 μῶς
323 1498 402 1564 κοιτά
415 1499 471 1582 τὴν
487 1497 581 1564 νύκτα
594 1499 783 1590 βιχλίζοοσι)
790 1545 801 1578 ,
825 1498 904 1584 πρὸς
919 1500 954 1564 di
970 1497 1043 1576 τούς
1056 1496 1149 1564 αάτάν
1164 1496 1217 1563 τόν
1230 1498 1338 1584 καιρὸν
1347 1497 1380 1562 lb

236 1609 294 1688 τῆς
307 1602 415 1679 νυκτὸς
425 1604 617 1686 βιγλίσοντας
632 1598 839 1689 ἀπερχόμενος
851 1592 940 1678 οὗτος
950 1602 991 1686 δὴ
1003 1597 1021 1666 ὃ
1031 1602 1127 1687 μέγας
1139 1597 1340 1688 δρσνγγάριος

238 1704 298 1793 πρὸ
319 1711 376 1788 τῆς
395 1707 451 1770 τού
472 1708 602 1771 ἀειλινού
622 1704 706 1792 ὥρας
728 1705 806 1787 λέγει
825 1701 923 1782 ούτοις
938 1701 1108 1791 αάρχοντες
1123 1702 1338 1788 ἕτοιμάσθητε,

238 1805 432 1892 δειπνήσατε,
458 1811 509 1872 καὶ
525 1805 594 1874 doira
609 1808 727 1895 τροφὴν
740 1816 805 1884 τοῖς
816 1804 955 1884 incorr?
1003 1809 1056 1872 aci
1072 1805 1146 1874 ὅταν
1159 1803 1176 1871 ὃ
1191 1807 1338 1892 τεταγμέ-

236 1937 289 1988 νος
310 1913 362 1976 κοιὶ
382 1911 505 1997 πρέπων
524 1918 580 1994 τῆς
598 1913 706 1996 βίγλης
725 1907 806 1996 ἔλθη
823 1907 947 1996 καιρός,
972 1907 1112 1993 ίιιβάλλει
1131 1907 1260 1986 τούτους
1280 1915 1336 1976 τού

235 2013 455 2100 στρατοπέδου.
504 2011 607 2078 ἔπειτα
619 2015 712 2096 εἰμὲν
725 2009 742 2077 ὃ
759 2013 855 2097 μέγας
868 2013 1047 2095 δομίστικος
1062 2008 1216 2100 ἐθελήσῃ)
1241 2012 1335 2098 ἀπίρ-
1344 2020 1377 2074 15

230 2141 318 2202 χεται
340 2119 392 2182 καὶ
410 2120 514 2200 ’ίστησι
534 2113 662 2193 τούτους
684 2115 728 2181 δι’
755 2112 884 2194 ἕαατού,
909 2115 987 2182 ὅπου
1010 2114 1049 2182 ἀν
1069 2118 1236 2203 διακρίνοι·
1261 2117 1336 2185 εἰδὲ

232 2209 297 2304 μή,
323 2219 488 2303 ἀνατίθησι
510 2225 555 2308 τῷ
569 2216 692 2306 μεγάλῳ
714 2219 905 2307 δροογγαρίῳ
928 2219 964 2284 τὸ
984 2221 1052 2306 περὶ
1075 2218 1206 2299 τούτου,
1233 2215 1335 2296 ἀςιιαὶ

232 2319 379 2411 ύπηρετεῖ
392 2328 482 2388 τούτο
502 2321 571 2387 ἀντ’
593 2323 700 2388 αὐτού.
749 2322 862 2409 dorae
881 2322 916 2386 de*
936 2313 1025 2398 οὗτος
1042 2323 1236 2408 ἀπέρχεσθαι
1255 2320 1334 2409 πρὸς

230 2425 288 2510 τὴν
309 2425 467 2513 εἰρημένην
480 2432 534 2508 τῆς
549 2425 658 2500 νυκτὸς
672 2425 782 2521 βίγλοιν
796 2428 848 2488 καί
862 2425 1012 2512 ίπιτηρεῖν
1024 2427 1076 2490 καὶ
1090 2425 1258 2512 ἀνακρίνειν
1272 2423 1333 2490 αύ-

190 2539 216 2596 i>
232 2525 298 2611 τήν.
347 2529 399 2591 καί
414 2529 440 2592 εί
453 2529 509 2610 μὲν
526 2525 615 2611 ἐγγύς
634 2527 697 2594 ἔστι
712 2528 874 2608 πολιμάον,
899 2527 957 2609 οάχ
975 2524 1059 2605 ἅπαξ
1071 2526 1166 2611 μόνον
1182 2527 1263 2596 ἀλλά
1279 2529 1375 2594 nauto

232 2631 294 2707 δίς·
320 2631 347 2694 εί
359 2630 392 2694 d'
412 2629 541 2709 ἀνέστιος
557 2631 601 2715 εἴη
617 2627 739 2718 καιρός,
762 2629 848 2708 ἅπαξ
861 2635 950 2696 τούτο
963 2639 1054 2696 ποιεῖ.

255 2833 258 2840 ’
299 2839 333 2896 11
350 2833 382 2893 di
399 2837 479 2911 vulgo
580 2833 804 2902 θῠοιύτούςοίίἰ

228 3025 351 3086 tentoriis
367 3025 481 3097 figendis
498 3024 655 3080 iudicaverit
671 3018 766 3080 locum.
783 3023 905 3096 eiigitur
921 3044 1030 3096 magnus
1046 3044 1152 3098 quoque
1169 3025 1327 3080 domesticus

227 3099 313 3160 locum
329 3098 472 3168 approbet,
497 3099 565 3151 bene
582 3095 677 3149 babet:
702 3096 744 3148 sin
762 3097 862 3165 minus,
886 3108 973 3150 castra
988 3098 1107 3151 iocantur
1123 3097 1170 3152 ubi
1186 3096 1247 3165 ipse
1262 3114 1326 3149 cen·
1415 3131 1418 3138 f

227 3169 327 3235 suerit3
357 3175 385 3220 et
401 3165 485 3219 nullus
501 3165 554 3217 iter
570 3164 621 3218 init
636 3174 776 3234 antequam
793 3184 901 3235 magnus
918 3167 1074 3220 domesticus
1092 3165 1233 3235 unicuique
1250 3167 1326 3219 iiam-
1422 3168 1427 3176 '

226 3237 295 3294 mulo
311 3236 510 3290 convenientem
527 3235 611 3287 locum
628 3233 756 3303 assignet.

240 3339 242 3346 '
294 3336 451 3408 Priusquam
475 3336 607 3391 exercitus
625 3335 654 3390 in
678 3339 747 3390 viam
773 3354 804 3390 se
830 3337 891 3406 dat,
915 3353 1024 3407 magnus
1041 3336 1199 3405 drungarius
1217 3337 1328 3406 vigiliae

225 3408 363 3462 constituit
380 3409 488 3462 diurnas
503 3405 625 3476 vigilias,
651 3415 729 3478 prout
752 3422 768 3459 a
791 3424 888 3474 magno
899 3407 1044 3460 domestico
1061 3407 1208 3460 ordinatum
1225 3416 1282 3473 est;
1298 3415 1327 3460 et

224 3477 273 3546 qui
288 3476 405 3530 interdiu
421 3477 541 3546 vigilant,
567 3476 657 3529 statim
674 3495 704 3529 so
720 3477 754 3530 ad
772 3475 890 3544 vigiliam
906 3477 1053 3529 conferunt.
1088 3477 1168 3528 moris
1183 3485 1269 3529 autem
1284 3484 1327 3530 est

224 3552 256 3602 ut
271 3546 404 3600 exercitus
420 3545 496 3614 levis,
515 3547 564 3598 hoc
581 3555 623 3599 est
639 3545 734 3598 milites
750 3544 818 3597 levis
836 3553 990 3611 armaturae,
1008 3544 1056 3598 has
1074 3544 1199 3598 excubias
1217 3548 1324 3615 obeant,

224 3631 258 3668 ao
275 3614 347 3682 quod
362 3631 439 3668 arcus
455 3616 559 3680 ferant3
577 3612 622 3684 qui
640 3615 718 3667 etiam
735 3631 749 3666 a
767 3613 902 3668 nocturnis
915 3615 1034 3668 excubiis
1045 3630 1150 3684 semper
1162 3622 1225 3667 sunt
1236 3615 1324 3667 liberi.

224 3683 259 3738 ad
275 3683 334 3736 ilios
349 3699 414 3737 vero
431 3677 478 3754 qui
495 3693 635 3737 nocturnas
653 3683 760 3752 vigilias
777 3683 862 3737 acturi
886 3692 947 3737 sunt
986 3684 1078 3738 abiem
1103 3691 1166 3737 aute
1190 3685 1325 3753 vesperti-

223 3769 284 3805 rnnu
301 3758 404 3822 tempus
421 3770 529 3822 magnus
547 3751 703 3820 drungarius
721 3752 760 3805 sic
778 3770 823 3805 eos
844 3753 941 3806 affatur
973 3769 1106 3823 proceres,
1123 3754 1212 3822 parati
1228 3758 1323 3823 estote,

222 3827 343 3889 coenato,
371 3828 398 3874 et
414 3823 476 3875 date
493 3821 615 3891 pabulum
633 3821 708 3890 equis
715 3815 741 3887 ;”
760 3838 871 3890 cumque
889 3823 1054 3893 praefinitum
1072 3821 1238 3876 excubiarum
1253 3829 1323 3876 tcm-

242 3905 273 3944 us
291 3890 408 3958 advenit,
426 3891 522 3945 emittit
539 3889 599 3942 ilios
617 3907 650 3944 ex
667 3889 773 3948 castris.
809 3891 913 3958 deiude,
930 3893 955 3944 si
969 3909 1078 3961 maguus
1095 3891 1253 3945 domesticus
1271 3905 1321 3945 vo-

221 3908 275 4028 fet,
295 3959 365 4030 abit,
383 3969 410 4012 st
427 3961 512 4014 cuivis
528 3957 627 4027 locum,
645 3960 690 4012 nbi
708 3958 853 4014 consultum
869 3960 1041 4029 iudicaverit,
1064 3961 1178 4044 ipsemet
1194 3959 1321 4030 assignat.

218 4028 264 4082 sin
280 4028 374 4095 minus,
391 4029 460 4084 banc
476 4046 563 4084 curam
581 4029 718 4083 committit
735 4047 830 4099 magno
848 4029 1000 4099 drungario,
1018 4029 1065 4100 qui
1079 4047 1108 4082 ra
1125 4029 1175 4082 hac
1191 4047 1222 4084 rc
1258 4031 1322 4083 erfi-

220 4098 316 4152 cicuda
336 4097 393 4152 eius
418 4099 538 4154 minister
564 4105 606 4152 est
629 4106 657 4152 et
680 4098 806 4154 vicarius.
840 4099 919 4154 debet
942 4107 1028 4153 autem
1051 4100 1104 4154 istc
1121 4100 1155 4153 ad
1169 4108 1220 4169 pra
1253 4099 1322 4152 ictus

220 4177 362 4221 nocturnas
377 4171 502 4224 excubias
518 4187 577 4222 sese
590 4169 721 4236 conferre,
739 4185 839 4238 easque
853 4170 996 4222 observare
1011 4176 1039 4221 et
1055 4185 1116 4222 num
1132 4173 1206 4222 recte
1224 4185 1254 4222 se
1271 4169 1320 4220 ba-

220 4238 302 4290 beant
317 4237 445 4296 iudicare.
481 4247 509 4292 et
524 4237 654 4308 siquidem
671 4255 755 4308 propa
772 4239 809 4292 ait
826 4236 924 4306 hostis,
947 4254 999 4290 uon
1015 4246 1116 4291 tantum
1133 4235 1213 4290 semei
1228 4237 1276 4291 sed
1293 4242 1322 4290 et
1343 4249 1348 4256 ’

219 4305 330 4426 ἱοίεΙάἰοο
346 4309 436 4363 facere
452 4315 568 4379 oportet.
601 4307 627 4361 ai
644 4324 708 4362 varo
728 4305 764 4360 sit
780 4314 882 4377 tempus
899 4306 996 4377 quictis
1014 4315 1051 4373 ct,
1062 4305 1251 4375 relaxationis,
1276 4322 1321 4358 se·

219 4391 261 4428 me
300 4375 361 4429 acit.
1069 4379 1072 4384 ’
