3075 4867
542 285 587 354 lu
614 289 763 358 conlui
790 289 875 357 GAP.
900 290 929 359 l.
1083 323 1088 330 ·
1218 294 1291 369 159

185 463 295 517 ponec,
313 442 363 500 ῗπα
379 443 554 510 καθέζωνται
570 444 619 502 παὶ
635 442 784 517 sicciscos
804 444 936 506 εὔπαππα.
971 448 1137 525 ὄδεπααός,
1153 453 1203 512 lau
1219 458 1292 512 eat·

186 511 252 577 τούς
269 511 352 582 lacsir
369 511 477 602 alc-rolf
500 510 594 572 circis
617 516 782 602 domiciacus
803 517 853 574 καὶ
875 519 1100 593 προσφερῶμααι.
1136 521 1290 599 dcccdcc-

186 587 252 656 πλρς
268 583 317 640 ἵνα
336 584 426 660 ducta
443 584 648 643 caduceatores
664 605 716 643 rau
731 584 896 663 ἀρχιερέως,
911 585 984 648 ὅταν
1000 594 1164 667 περιπατῇ]
1248 661 1252 671 Ι

622 805 831 824 m

491 1061 981 1146 CAPUTXIII.

270 1311 298 1369 p.
311 1297 333 1359 6
346 1311 373 1352 v.
388 1293 438 1357 12.
463 1242 506 1354 Ia
523 1313 599 1355 nona
613 1299 736 1376 pentade
754 1299 858 1377 primas
875 1303 955 1357 tenet
968 1298 1137 1358 domesticus
1152 1302 1215 1362 sois
1228 1305 1288 1364 θα-
1359 1283 1364 1304 ⁸

139 1418 142 1426 ·
186 1381 266 1460 poio,
290 1382 439 1460 praefectus
464 1389 576 1462 ianuae,
606 1384 705 1443 tertius
734 1387 864 1445 nimirum
891 1390 1033 1448 ostiarius:
1064 1407 1130 1446 uam
1151 1389 1181 1446 in
1207 1397 1290 1448 sexto

186 1466 314 1540 quinario
339 1469 411 1527 duos
434 1469 605 1530 enumeravit
630 1471 773 1549 Codinus,
799 1477 836 1545 et
854 1472 960 1531 Citrius
981 1478 1040 1531 tres
1062 1474 1191 1532 ostiarios
1215 1476 1291 1534 inter

184 1551 315 1610 officiales
328 1553 529 1615 ecclesiasticos
545 1556 688 1628 nominat3
717 1574 836 1631 quorum
857 1558 959 1619 tertius
976 1558 1022 1618 liic
1037 1560 1140 1619 forium
1153 1561 1290 1619 domesti-

184 1655 233 1694 cus
246 1656 305 1722 seu
315 1651 454 1718 praeses‚j
466 1661 522 1700 uno
537 1639 622 1698 verbo
642 1644 749 1706 ianitor.

253 1751 328 1804 Sacri
353 1753 486 1808 tribunalis
516 1755 585 1808 iores
615 1753 777 1810 subdiaconis
805 1755 993 1809 commendatas
1023 1760 1133 1810 uantur
1161 1756 1289 1812 Maximus

185 1817 342 1905 in'Dioupsii
358 1821 392 1904 de
410 1825 473 1877 eccl.
493 1824 599 1876 Hieras.
620 1841 643 1878 c.
661 1825 692 1877 8:
724 1823 890 1945 opprimam,
919 1823 1016 1894 inquit,
1042 1819 1087 1879 ὅτι
1112 1820 1142 1878 ol
1159 1824 1290 1880 διάκονοι

184 1903 247 1940 rara
264 1907 315 1950 τας
331 1891 424 1958 θαρας
448 1887 538 1963 εἶχον,
563 1893 616 1946 uris
639 1886 671 1944 dl
695 1888 725 1946 ol
758 1891 935 1952 ποδιάποαοι.
969 1894 1129 1962 suffragatur
1143 1895 1287 1950 lieentu-

185 1957 297 2012 nicensis
317 1962 418 2028 praesul
437 1962 556 2014 Simeons
582 1957 716 2029 φυλάσσει
754 1957 819 2016 ivo
842 1956 1035 2025 duodecimae
1050 1959 1102 2025 τὰς
1126 1958 1216 2026 πύλας
1237 1959 1291 2025 ταὶς

185 2019 280 2094 ἱεράς,
298 2025 346 2080 lua
363 2024 402 2097 μή
419 2047 462 2092 τις
478 2031 534 2084 τῶν
550 2022 673 2094 ἀναξίων
692 2025 722 2083 ἔν
743 2049 777 2084 ον
793 2026 917 2101 alaa'tdp.
951 2048 1008 2084 eam
1025 2030 1060 2084 ob
1072 2049 1125 2086 rem
1138 2033 1235 2087 soleam
1246 2034 1286 2086 lo-

185 2109 241 2146 cuni
260 2095 292 2146 ad
311 2113 398 2150 sacras
416 2098 504 2152 altaris
523 2098 699 2163 lacessitum,
722 2100 755 2153 da
767 2116 818 2168 quo
829 2115 887 2152 curn
898 2107 1002 2152 auctore
1013 2117 1038 2155 c.
1053 2103 1101 2167 17,
1127 2101 1289 2154 subdiaconis
1383 2147 1386 2159 .

184 2162 375 2234 lectoribusque
385 2184 433 2220 cau
444 2184 491 2236 pro
510 2168 573 2220 nam
589 2168 676 2220 sedern
692 2167 928 2222 Thessalonicensis
938 2169 1006 2221 idem
1024 2169 1152 2236 assignata
1168 2164 1291 2223 ὗποδια-
1369 2213 1372 2219 .

187 2227 290 2294 πόνους
314 2231 364 2287 καὶ
389 2231 479 2304 daupu
503 2253 571 2299 στας
588 2238 739 2306 καθῆσθαι
751 2231 804 2307 χρὴ
823 2234 929 2301 ἔξωθεν
946 2238 999 2290 τοῦ
1016 2233 1141 2307 βήματος
1156 2237 1222 2306 περὶ
1237 2233 1289 2293 τὸν

183 2297 306 2370 aeoliae,
332 2296 364 2364 da
385 2301 422 2373 δὴ
447 2305 524 2375 βῆμα
543 2308 669 2359 καλεῖται
691 2300 885 2375 ἀναρπωατῶα.
918 2305 988 2358 iuter
1009 2305 1181 2360 subdiaconos
1202 2315 1289 2361 summ

183 2371 228 2424 vel
239 2371 349 2424 lectores
365 2375 548 2442 antesignanus
559 2375 618 2439 ille,
643 2374 684 2428 cui
703 2391 750 2428 ceu
761 2374 856 2445 potiori
867 2391 954 2428 aarum
965 2375 1151 2431 commendatur
1162 2377 1290 2443 muas,
1332 2425 1337 2434 .

186 2437 246 2492 iure
256 2443 346 2495 merito
359 2442 419 2496 milri
430 2438 592 2514 δομέααιπος
608 2443 665 2497 τῶν
680 2445 780 2512 θυρῶν
789 2452 959 2514 nuncupetur.

269 2546 335 2607 idid.
377 2549 513 2626 Sequitur
537 2549 734 2624 chartularius,
755 2549 805 2627 qui
828 2548 914 2628 louge
935 2549 1062 2609 dicemus
1078 2549 1289 2628 oehaaphp
1406 2559 1411 2576 ·

183 2629 261 2704 laee;
276 2639 307 2691 et
319 2633 415 2711 inepte
438 2641 555 2695 vocatur
576 2634 778 2712 chartophylax
798 2635 998 2710 clartulurius,
1018 2638 1159 2712 utsupra
1173 2634 1290 2694 dictum.

184 2717 291 2776 Citrius
326 2738 384 2777 uon
411 2738 499 2778 unum
529 2719 581 2778 sed
616 2718 710 2796 plures
736 2719 833 2798 ponit:
866 2735 934 2773 nam
966 2717 1087 2774 lectores
1121 2736 1288 2778 enumerans

111 2821 119 2834 ·
182 2801 301 2862 collocat
326 2804 400 2862 inter
422 2804 485 2862 illos
504 2805 737 2882 χαρτοαλαρίονς
761 2804 816 2880 τῆς
834 2794 964 2880 μεγάλης
983 2799 1128 2880 crailinc
1155 2802 1208 2864 eat
1231 2807 1290 2867 παῦ

182 2889 440 2964 ouevopulcmlau,
456 2889 633 2947 chartularios
652 2903 767 2960 magnae
786 2884 900 2944 mellae
918 2892 944 2943 et
960 2887 1158 2965 sceuophylaaii
1173 2905 1225 2945 seu
1238 2908 1289 2947 or-

181 2974 421 3045 medicocorum,
451 2971 545 3046 inquit
563 2970 735 3030 Bonefidius.
765 2970 910 3028 docuimus
929 2970 985 3028 iam
1007 2990 1096 3049 supra
1115 2991 1144 3049 p.
1170 2975 1229 3035 128
1251 2991 1287 3033 ex

181 3054 350 3114 Balsamone
376 3074 427 3115 eos
451 3057 500 3131 qui
522 3055 746 3134 chartophylaci,
777 3054 991 3133 sceuophylaci‚
1021 3073 1126 3133 magno
1146 3055 1291 3116 sacellario

182 3141 397 3200 subserviebant
417 3146 553 3216 tanquam
572 3141 744 3217 administri,
765 3140 923 3219 appellatos
946 3159 1009 3198 esse
1032 3140 1227 3213 chartularios,
1249 3143 1292 3202 ita
1413 3196 1416 3203 .

183 3231 216 3284 ut
227 3227 387 3286 ehurtrrlarii
402 3225 450 3284 isti
469 3225 537 3286 nihil
555 3225 630 3286 aliud
653 3225 758 3284 firerint
780 3244 866 3302 quam
889 3224 1084 3306 cuppeacoral
1104 3229 1162 3286 roci
1181 3219 1292 3300 ainau,

182 3311 452 3384 teterrimarum,
479 3317 514 3371 ut
532 3311 683 3372 Balsamou
707 3310 842 3390 loquitur.
869 3328 923 3369 uec
949 3312 1008 3371 scio
1039 3328 1133 3390 quam⁸
1145 3315 1213 3389 apte
1234 3310 1291 3370 huc

183 3399 305 3474 quadret
316 3399 475 3474 registrator
483 3396 564 3456 Iunii.

266 3497 329 3558 Nec
348 3495 458 3556 Latinis
479 3497 662 3558 manulmius
680 3497 796 3575 ignotus
816 3495 883 3553 fnit:
905 3510 971 3552 nam
995 3494 1026 3553 S.
1049 3493 1204 3576 Gregorius
1228 3495 1248 3559 l.
1270 3503 1290 3564 1

182 3585 265 3662 epist.
279 3583 321 3650 75
338 3584 377 3642 ad
390 3583 537 3661 episcopos
551 3582 701 3643 Numidiae
719 3581 844 3640 scribens
866 3580 993 3639 nominat
1012 3580 1154 3641 Hilarium
1177 3585 1289 3642 alariu-

182 3671 283 3728 lon'um
300 3687 393 3740 mum,
415 3668 515 3743 quiin
538 3666 662 3728 Africam
684 3688 702 3726 a
730 3668 945 3745 praedecessore
971 3666 1002 3724 S.
1032 3666 1162 3745 Gregorii
1186 3671 1288 3728 missus
1344 3705 1348 3712 ·

181 3751 454 3831 sedisapostolicae
473 3752 535 3814 loco
552 3773 651 3813 causas
672 3751 873 3827 ecclesiasticas
894 3750 1083 3829 cognoscebat
1102 3759 1133 3813 et
1154 3763 1290 3834 tanquam

180 3839 266 3898 iudex
286 3838 434 3898 dirimebat
454 3844 485 3898 et
503 3839 661 3911 iudicabat3
680 3838 840 3913 mansitque
862 3838 893 3896 in
914 3837 1015 3896 eodem
1035 3838 1126 3896 officio
1143 3839 1174 3898 in
1193 3838 1289 3898 Africa

181 3925 268 3984 etiam
284 3922 337 3983 sub
359 3924 490 4001 Gregorii
515 3926 610 4002 magni
631 3923 813 4004 pontificatu,
844 3923 923 3982 cuius
947 3922 1009 4001 ipse
1030 3924 1090 3980 suis
1109 3923 1140 3981 iu
1159 3925 1289 4002 epistolis

181 4009 280 4069 crebro
296 4009 430 4069 meminit.
452 4029 549 4069 verum
561 4009 743 4070 chartularius
757 4008 861 4068 Cadini
877 4007 963 4085 longe
982 4007 1120 4066 inferioris
1134 4009 1239 4067 ordinis
1254 4014 1285 4068 et

181 4095 329 4172 dignitatis
342 4100 418 4170 erat,
439 4095 512 4156 inter
526 4094 644 4156 lectores
657 4095 787 4157 mmuum
799 4093 987 4172 constitutus,
995 4098 1032 4152 et
1047 4092 1284 4172 antepenultimas

179 4181 210 4240 in
228 4179 327 4240 ultima
340 4180 472 4259 pentade.
1179 4225 1186 4234 .

266 4277 355 4343 Porro
369 4279 537 4364 cumplures
552 4281 656 4344 luerint
668 4279 842 4361 chartulani,
861 4285 897 4342 ut
912 4278 1019 4343 cintus
1033 4293 1166 4360 expresse
1176 4277 1284 4358 turibii,
